4542 5617
2017 383 2668 459 *40*-

961 591 1062 656 Ac
1106 589 1399 674 primum
1443 585 1713 673 quidem
1756 608 1904 673 epp.
1934 587 2020 653 95
2065 586 2169 668 (Et
2210 586 2281 651 τὸ
2327 590 2528 658 καλῶς
2571 587 2877 672 θνήσκειν)
2921 594 2992 654 et
3015 586 3105 654 96
3148 586 3507 675 (Ἂσβεστον
3551 586 3723 658 κλέος
3767 585 3933 673 οἵδε)

757 726 797 767 a
841 699 1235 783 quibusdam
1289 707 1700 784 respuuntur
1753 719 1904 764 cum
1960 698 2110 766 aliis
2169 698 2252 764 de
2307 699 2555 778 causis,
2608 720 2773 783 quas
2829 706 3056 766 tamen
3111 721 3251 765 non
3293 698 3458 765 satis
3510 700 3741 765 firmas
3786 718 3936 765 esse

761 835 965 895 supra
997 811 1285 879 vidimus
1331 816 1466 896 (pg.
1497 810 1631 894 31),
1678 818 1819 876 tum
1866 810 2024 894 quia
2068 809 2209 876 sint
2256 810 2635 887 „ornatiora
2665 810 3021 876 sententiis
3066 817 3137 877 et
3166 810 3342 877 Oeae
3385 810 3553 876 artis
3597 809 3935 900 expertia'’

765 923 925 1003 (Sc-11
937 922 1206 990 naidew.
1251 944 1358 1008 pg.
1406 920 1576 1004 152).
1662 920 1818 988 Non
1872 929 1979 987 est
2029 920 2093 986 h.
2136 919 2182 987 1.
2235 919 2753 1006 neglegendum,
2809 921 2986 1006 quod
3038 921 3356 1006 homines·
3399 920 3579 988 docti
3620 921 3935 989 observa-

765 1047 945 1111 runt,
1013 1054 1091 1101 ea
1140 1034 1290 1119 ipsa
1342 1052 1543 1116 quam
1594 1032 1666 1098 in
1720 1031 2222 1118 epigrammatis
2278 1030 2891 1100 animadvertamus
2944 1030 3488 1100 dissimilitudine
3542 1032 3816 1116 elegans
3869 1036 3941 1095 et

765 1147 1005 1211 subtile
1053 1141 1421 1209 Simonidis
1451 1142 1787 1226 judicium
1831 1142 2169 1227 cognosci3
2214 1163 2375 1209 nam
2417 1143 2686 1227 publica
2713 1143 3197 1229 epigrammata
3236 1142 3579 1228 incompta
3606 1162 3754 1209 esse
3782 1162 3933 1207 ver-

765 1255 993 1339 bisque
1039 1261 1198 1340 apta
1239 1260 1312 1319 et
1351 1274 1613 1339 pressa,
1670 1275 1749 1321 ea
1802 1274 1971 1338 quae
2024 1252 2317 1337 aliquem
2360 1274 2397 1319 e
2443 1253 2708 1339 vulgari
2751 1261 2947 1323 coetu
3000 1252 3340 1322 hominem
3383 1252 3455 1318 in
3506 1253 3726 1319 lucem
3781 1272 3935 1337 pro-

761 1367 1049 1443 trahant,
1096 1366 1341 1451 florum
1382 1372 1627 1432 ornatu
1671 1364 1999 1431 similiora
2041 1384 2190 1432 esse
2235 1364 2603 1448 elegiarum
2650 1364 3095 1450 (Bernhardy,
3144 1363 3262 1431 Gr.
3306 1364 3435 1429 litt.
3479 1362 3572 1440 II,
3617 1384 3725 1448 pg.
3755 1362 3934 1447 654).

765 1483 857 1539 At
905 1475 1220 1555 vidimus,
1289 1475 1578 1561 publicis
1633 1496 1771 1542 non
1825 1475 2135 1542 omnibus
2189 1476 2398 1542 istum
2450 1472 2754 1541 habitum
2807 1495 2985 1552 esse,
3038 1473 3231 1543 velut
3284 1496 3384 1559 ep.
3429 1473 3542 1551 89,
3599 1472 3753 1552 103,
3812 1473 3936 1539 104

765 1587 1028 1671 publiea
1070 1594 1232 1655 sunt
1260 1585 1623 1671 eademque
1654 1586 1932 1653 minime
1975 1586 2321 1671 incompta
2364 1593 2434 1652 et
2477 1587 2669 1653 sicca.
2729 1587 2915 1670 Ergo
2960 1585 3120 1653 dum
3164 1586 3311 1651 haec
3353 1593 3629 1671 propter
3670 1583 3936 1652 dicendi

765 1721 973 1779 gemis
1026 1718 1223 1764 nemo
1270 1694 1637 1764 Simonidis
1695 1718 1844 1764 esse
1888 1697 2267 1782 negaverit,
2335 1718 2553 1781 neque
2606 1696 2727 1762 illa
2779 1696 2910 1763 duo
2965 1696 3027 1762 ei
3081 1696 3625 1781 abjudicabimus.
3713 1695 3939 1779 Atque

765 1811 933 1875 idum
981 1807 1338 1876 dicendum
1383 1808 1514 1875 erit
1566 1807 1649 1875 de
1706 1830 1854 1894 epp.
1902 1809 2025 1874 105
2071 1816 2142 1876 et
2187 1808 2314 1875 106
2369 1807 2479 1890 (de
2525 1806 2765 1892 quibus
2810 1808 2890 1874 cf.
2948 1829 3117 1891 quae
3162 1828 3366 1893 supra
3421 1828 3529 1892 pg.
3574 1806 3660 1873 30
3712 1805 3939 1892 dispu-

765 1923 1084 2004 tavimus)
1129 1928 1200 1987 et
1243 1920 1324 1986 de
1366 1942 1470 2006 ep.
1517 1919 1644 1985 108
1688 1918 1959 2007 (Χαίρετ’
2007 1920 2335 2007 ἀριστῆες).
2403 1919 2554 1985 Hoc
2596 1926 2874 2004 propter
2917 1940 3026 1984 res
3069 1919 3255 2003 ipsas
3297 1939 3436 1985 non
3479 1917 3689 1984 fuisse
3720 1914 3941 1985 Simo-

769 2035 901 2095 nidi
961 2030 1502 2118 abjudicandum,
1573 2032 1884 2119 exposuit
1936 2030 2307 2117 Bergkius3
2364 2029 2539 2115 quod
2593 2036 2817 2096 autem
2876 2027 3349 2096 Schneidewin
3406 2035 3609 2114 negat
3659 2029 3943 2096 formam

769 2144 1269 2229 epigrammatis
1302 2141 1762 2211 Simonideam
1791 2163 1958 2220 esse,
2005 2141 2419 2210 ostendenda
2461 2149 2662 2212 erunt
2704 2141 2936 2207 eadem
2978 2141 3100 2208 illa
3143 2163 3290 2227 epp.
3320 2140 3423 2220 89,
3457 2140 3603 2220 103,
3635 2140 3761 2208 104
3804 2161 3941 2207 non

769 2255 869 2339 abj
885 2255 1144 2323 iulicata
1188 2250 1538 2321 Simonidi.
1624 2254 1838 2338 Atqui
1891 2254 2132 2339 quovis
2186 2254 2545 2322 verborum
2599 2260 2844 2320 ornatu
2895 2274 3034 2319 non
3088 2254 3334 2321 cedunt
3386 2255 3449 2320 ei
3495 2253 3708 2337 (108),
3763 2251 3939 2338 quod

769 2371 837 2431 in
885 2366 1156 2436 dubium
1198 2373 1492 2435 vocatur.
1578 2365 1758 2434 Nam
1798 2364 1975 2450 quod
2016 2365 2125 2431 hic
2170 2366 2497 2451 scriptum
2541 2371 2648 2432 est
2692 2363 2951 2429 ὤλεσαθ’
2996 2366 3173 2451 ἥβην,
3218 2364 3400 2431 idem
3440 2365 3514 2431 in
3558 2385 3660 2449 ep.
3705 2363 3791 2429 89
3832 2370 3938 2429 est

773 2481 839 2539 in
889 2475 1112 2543 verbis
1158 2477 1558 2561 ἀπωλέσαμεν
1604 2476 1884 2563 ved-mrem
1929 2477 2240 2562 epitheti,
2288 2476 2465 2561 quod
2513 2475 2842 2555 „ornans”
2886 2481 3197 2553 vocatur,
3253 2459 3621 2561 καλλιχόρου
3676 2474 3977 2540 simini--

773 2611 953 2655 mum
1001 2586 1323 2654 habemus
1367 2588 1442 2654 in
1486 2608 1589 2672 ep.
1637 2587 1760 2654 103
1807 2586 2198 2675 (εὐρυχόρου)
2210 2609 2227 2667 ;
2284 2586 2570 2670 denique
2623 2586 2685 2654 si
2739 2585 2900 2671 quid
2943 2587 3126 2653 aliud
3166 2586 3242 2652 in
3295 2586 3422 2652 hoc
3466 2586 3946 2672 epigrammate

773 2703 945 2763 infist-
993 2699 1249 2779 florum,
1293 2697 1364 2764 id
1407 2698 1520 2765 vel
1565 2705 2010 2784 exsuperatur
2054 2699 2276 2766 colore
2321 2697 2678 2767 verborum
2721 2701 3004 2784 τρηχεῖαν
3032 2697 3304 2781 πολέμου
3335 2697 3651 2782 δεξάμενοι
3694 2697 3947 2785 νεφέλην

773 2811 869 2891 [in
929 2835 1028 2895 up.
1073 2809 1220 2892 89),
1272 2813 1459 2875 τῶνδε
1512 2809 1586 2875 δι’
1645 2810 1979 2896 ἀνθρώπων
2037 2808 2252 2895 ἀρετὰν
2298 2809 2418 2895 οὐχ
2473 2808 2635 2873 ἵκετο
2691 2809 2913 2879 καπνὸς
2970 2809 3185 2894 αἰθέρα
3240 2809 3559 2897 δαιομένης
3591 2808 3948 2896 ,εὐρυχόρου

773 2919 993 3003 Τεγέας
1056 2918 1159 3006 (in
1218 2942 1319 3006 ep.
1366 2920 1550 3003 103),
1617 2920 1718 2987 ἵνα
1787 2920 1954 3006 σφίσι
2019 2920 2104 3005 μὴ
2169 2920 2501 3005 καθέληται
2547 2917 2772 2991 Ἑλλὰς
2841 2920 3260 3007 ἀποφθιμένου
3325 2919 3541 3005 κρατὸς
3608 2905 3950 3005 ἐλευθερίαν

773 3035 865 3111 (in
913 3055 1013 3115 up.
1056 3032 1208 3111 104;
1263 3030 1548 3099 Planud.
1595 3031 2029 3118 ἀποφθιμένοις
2071 3033 2359 3117 κάρτοςὋ
2383 3031 2747 3118 λευθερίας),
2805 3030 2917 3115 qui
2971 3031 3312 3123 anfractus
3366 3041 3436 3097 et
3477 3028 3840 3099 verborum
3883 3037 3954 3096 et

769 3143 1142 3210 sententiae
1186 3142 1301 3211 vel
1343 3142 1583 3210 unicus
1627 3149 1732 3208 est
1773 3141 1847 3207 in
1890 3141 2200 3209 omnibus
2246 3163 2417 3226 quae
2463 3139 2830 3209 Simonidis
2872 3141 3183 3209 feruntur
3227 3142 3747 3228 epigrammatis,

973 3255 1070 3323 Ut
1111 3255 1258 3338 jam
1311 3252 1488 3337 quod
1533 3251 1984 3338 compluribus
2030 3253 2360 3339 exemplis
2405 3252 2893 3332 demonstravi,
2950 3252 3147 3321 brevi
3190 3251 3773 3339 comprehendam:
3832 3259 3950 3320 aut

773 3367 885 3439 eis,
933 3365 1045 3451 qui
1090 3363 1414 3450 quaedam
1458 3364 1942 3449 epigrammata
1982 3371 2258 3450 propter
2303 3364 2623 3432 orationis
2666 3363 2970 3432 habitum
3014 3371 3083 3431 et
3125 3366 3409 3433 formam
3440 3366 3794 3439 Simonidi
3836 3364 3952 3431 ab·

757 3479 1080 3559 jiuliuant,
1126 3496 1264 3541 non
1294 3477 1758 3555 assentiemur,
1807 3476 2121 3560 quoniam
2149 3476 2333 3542 inter
2377 3496 2472 3555 ea,
2521 3496 2688 3559 quae
2732 3483 3056 3560 putantur
3101 3476 3411 3561 genuina,
3458 3477 3804 3545 simillima
3844 3477 3948 3542 in-

773 3587 1152 3666 veniuntur,
1195 3594 1315 3653 aut
1343 3586 1550 3653 etiam
1591 3586 1757 3653 haec
1799 3593 2076 3673 propter
2105 3607 2255 3652 eam
2298 3586 2518 3672 ipsam
2548 3587 3058 3654 similitudinem
3088 3588 3446 3655 subditicia
3463 3587 3948 3680 judicabimus.

777 3699 965 3775 Quae
997 3719 1147 3765 cum
1178 3698 1276 3764 ita
1308 3697 1463 3778 sint,
1494 3697 1614 3765 illa
1641 3705 2040 3783 argumenta
2070 3720 2155 3764 ex
2184 3698 2523 3784 elegantia
2548 3698 3106 3783 epigrammatum
3134 3699 3348 3786 petita
3375 3700 3748 3767 infirmiora
3770 3709 3949 3780 sunt,

773 3835 969 3891 quam
1005 3831 1172 3896 quae
1197 3808 1279 3876 ad
1304 3809 1605 3877 criticam
1631 3815 1846 3875 artem
1868 3807 2328 3876 adhibeantur.
2376 3808 2764 3877 Cohibenda
2792 3810 3000 3896 igitur
3030 3812 3161 3878 erit
3188 3811 3505 3891 assensio,
3537 3812 3652 3878 ubi
3682 3811 3950 3898 quidem

777 3923 1083 3989 malumus
1117 3921 1447 4006 judicium
1491 3919 1811 3988 decedere
1841 3929 2023 3988 certo
2068 3920 2534 4001 fundament03
2581 3921 2700 3989 sed
2744 3921 2803 3989 si
2850 3924 3238 4006 conjectura
3278 3923 3439 3991 licet
3468 3924 3754 4008 assequi,
3802 3932 3953 3991 utra

773 4035 1052 4099 duarum
1075 4033 1563 4101 sententiarum
1586 4033 1676 4099 sit
1685 4032 2137 4111 verisimilior,
2162 4033 2570 4117 conjecerim
2592 4031 2941 4118 splendida
2961 4033 3081 4099 illa
3103 4034 3587 4120 epigrammata
3607 4034 3953 4101 actumida

777 4155 1013 4211 cunata
1040 4141 1373 4212 Simonidi
1403 4166 1551 4212 esse
1585 4142 2023 4228 abjudicanda
2032 4166 2049 4222 3
2088 4150 2329 4211 cuncta
2361 4144 2543 4211 enim
2581 4144 2694 4212 vel
2722 4144 2795 4210 in
2829 4145 3244 4231 Anthologia
3272 4145 3519 4213 tradita
3549 4154 3726 4225 sunt,
3760 4148 3952 4231 cujus

777 4279 985 4339 paene
1017 4256 1205 4322 nulla
1236 4256 1310 4321 in
1342 4255 1468 4322 hac
1498 4276 1572 4322 re
1607 4263 1713 4321 est
1749 4254 1935 4333 fides,
1970 4255 2082 4323 vel
2105 4255 2282 4341 apud
2305 4262 2615 4325 auctores
2638 4256 2976 4322 inferioris
3008 4258 3266 4343 aetatis,
3293 4257 3654 4345 (Pseudo-)
3677 4257 3951 4324 Plutar-

777 4367 973 4431 cluim
1005 4366 1148 4433 dico
1183 4376 1252 4433 et
1287 4366 1715 4434 scholiastam
1737 4364 2061 4433 Aristidis
2072 4389 2090 4447 ;
2124 4387 2203 4433 ea
2232 4376 2483 4447 contra,
2517 4389 2685 4452 quae
2708 4368 2885 4455 apud
2914 4369 3337 4439 Herodotum
3360 4371 3953 4459 Thucydidemque

773 4486 1066 4558 exstant,
1111 4486 1182 4545 et
1221 4485 1471 4547 vacant
1511 4477 1787 4546 floribus
1832 4476 2115 4562 poeticis
2163 4486 2234 4545 et
2277 4486 2397 4545 aut
2438 4479 2700 4564 pondus
2745 4480 2998 4548 habent
3040 4483 3110 4548 in
3156 4505 3418 4550 summa
3460 4482 3793 4552 brevitate
3837 4488 3955 4549 aut

777 4591 1017 4655 medici
1059 4597 1222 4657 sunt
1264 4590 1534 4676 generis
1579 4597 1649 4656 et
1692 4587 2067 4673 temperati.
2142 4589 2295 4673 Qua
2338 4590 2599 4659 ratione
2653 4590 2773 4657 illa
2830 4592 3316 4677 epigrammata
3369 4593 3515 4660 sine
3560 4594 3954 4678 cujusquam

773 4703 833 4763 fr
841 4723 921 4763 an
929 4699 1009 4767 de
1051 4700 1422 4769 acervatim
1463 4701 1537 4766 in
1585 4697 2126 4766 Simonideorum
2176 4721 2536 4769 numerum
2590 4722 2663 4769 se
2707 4701 3053 4772 insinuare
3096 4706 3468 4791 potuerint,
3522 4703 3595 4772 id
3637 4725 3724 4772 ex
3768 4724 3949 4772 acer·

773 4815 941 4875 rima
997 4815 1379 4899 conjectura
1429 4810 1713 4897 Bergkii
1766 4809 2047 4877 discitur
2100 4812 2200 4893 (in
2250 4811 2473 4879 adnot.
2517 4834 2618 4898 ep.
2667 4812 2850 4899 116),
2908 4837 3109 4900 quam
3152 4817 3265 4883 vel
3318 4824 3673 4903 propterea
3725 4817 3955 4893 affero,
