4542 5617
933 435 1259 574 419.-

661 698 775 765 Μέσοοι
798 699 860 764 h'oi
877 701 901 765 τ’
920 697 1056 787 Ἐφύρην
1078 700 1271 788 πολυπίδακα
1292 703 1490 778 ναιετάοντες,

519 887 522 894 ,
737 811 881 896 παντοίης
903 811 1012 897 ἀρετῆς
1033 810 1124 897 Spu<
1146 812 1177 876 ἐν
1198 813 1334 898 πολέμιρ,
1359 810 1366 820 ’

531 961 537 975 1
661 922 696 987 oi
714 944 747 986 τε
768 922 854 987 πόλιν
877 922 1034 1002 Γλαύκοιο,
1058 919 1217 1008 Κορίνθιον
1240 922 1325 1002 οἴετο,
1348 923 1497 1006 νέμοντες,

738 1033 790 1097 οἱ*
812 1034 971 1098 κάλλιστον
994 1033 1108 1118 μάρτυν
1131 1032 1234 1098 ἔθεντο
1257 1033 1357 1098 πόνων

661 1148 775 1232 χρυσοῦ
797 1145 954 1229 τιμήεντος
975 1144 1006 1208 ἐν
1029 1143 1136 1229 αἰθέρι·
1158 1143 1212 1207 καί
1232 1165 1301 1230 σριν
1325 1144 1405 1215 ἀέξει

740 1254 838 1320 αὐτῶν
860 1254 884 1320 τ’
907 1254 1022 1341 εὸρεῖαν
1042 1254 1179 1339 κλῃδόνα
1201 1256 1250 1319 καὶ
1271 1257 1417 1340 πατέρων.

305 1369 361 1452 (V.
378 1368 487 1453 quarti
503 1367 612 1451 prima
626 1390 657 1432 ν.
674 1375 833 1451 corrupta
853 1371 927 1449 est).
962 1365 1093 1447 Quibus
1108 1364 1264 1433 versibus
1279 1365 1396 1450 Bergk
1411 1366 1537 1432 addidit
1551 1363 1640 1431 hunc
1656 1386 1697 1432 cr
1714 1365 1893 1451 Apollonio

304 1488 453 1547 sumtum
477 1479 575 1561 (Lex.
597 1477 685 1545 hom.
710 1478 781 1555 116,
804 1477 875 1563 25):

655 1588 833 1661 ξεινοδόκον
856 1589 880 1654 δ’
904 1589 1029 1674 ὤριστος
1053 1589 1069 1652 ὁ
1091 1588 1205 1674 χρυσὸς
1227 1588 1258 1652 ἐν
1280 1587 1377 1674 αἰθέρι
1401 1591 1556 1671 λάμπων.;

408 1701 485 1784 Qua
510 1683 851 1785 materia'proposita
877 1699 959 1766 haec
985 1707 1194 1784 reputemus:
1227 1699 1396 1766 Universa
1418 1699 1568 1765 carmina
1592 1698 1652 1764 illa
1677 1699 1838 1783 leguntur
1858 1699 1894 1764 in

306 1831 372 1877 uno
394 1811 509 1878 libello
531 1809 706 1876 Plutarchi
728 1811 866 1876 nominc
887 1811 984 1876 nobis
1007 1809 1140 1888 tradito,
1164 1811 1298 1895 singula
1317 1809 1405 1894 apud
1426 1811 1510 1876 alios
1526 1817 1689 1888 auctores,
1712 1811 1769 1895 qni
1784 1817 1894 1876 aetate

305 1922 362 1988 vel
389 1921 478 1987 iolla
498 1921 719 1988 Plutarchum
746 1930 834 1987 sunt
878 1920 992 2004 Atque
1020 1921 1225 2004 compositus
1253 1929 1306 1986 ost
1332 1920 1390 1985 ille
1417 1920 1552 1987 libellus
1581 1929 1697 2005 aperta
1718 1921 1894 1988 voluntate

307 2041 464 2117 certoque
491 2034 645 2110 oonsilio,
673 2032 715 2098 etl
742 2030 967 2099 defendendos
990 2031 1136 2097 Boeotos
1159 2030 1418 2115 Corinthiosque
1446 2031 1487 2097 ab
1515 2032 1680 2099 Herodoti
1707 2030 1893 2110 calumniis,

306 2142 392 2227 quod
420 2151 537 2210 auctor
562 2145 739 2228 profitetur
766 2145 802 2209 in
829 2164 879 2229 ep.
908 2142 935 2209 1.
957 2201 961 2206 .
983 2141 1062 2209 Jam
1089 2162 1171 2209 vero
1203 2162 1280 2207 cum
1312 2143 1591 2227 epigrammatum
1623 2151 1793 2210 auctorem
1827 2164 1894 2207 non

306 2255 458 2321 nominet
479 2252 697 2332 Simonidem,
720 2255 861 2339 elegiam
885 2261 1010 2332 nutem,
1034 2253 1128 2337 cnjus
1151 2252 1329 2330 consilium
1351 2252 1393 2317 ab
1415 2253 1667 2338 epigrammatis
1689 2253 1775 2319 nihil
1797 2260 1895 2338 putat

305 2365 449 2444 differre,
471 2364 595 2431 diserte
618 2365 649 2431 ei
671 2365 810 2443 tribuat,
838 2386 882 2430 ex
905 2365 967 2430 hae
988 2365 1063 2449 ipsa
1083 2385 1121 2430 re
1143 2363 1296 2449 colligas,
1320 2384 1360 2429 ea
1380 2385 1449 2428 non
1472 2383 1546 2431 esse
1570 2362 1763 2431 Simonidis.
1805 2364 1894 2430 Num
1957 2375 1979 2438 l}

307 2475 339 2541 si
359 2475 422 2543 hoo
442 2483 562 2541 notum
583 2476 703 2541 fuisset
724 2474 906 2563 (Pseudo)
929 2474 1113 2541 Plutarcho
1134 2512 1175 2524 —-
1199 2474 1316 2558 quidni
1337 2483 1450 2541 autem
1471 2475 1506 2541 id
1526 2482 1645 2541 notum
1666 2476 1784 2553 fuerit,
1807 2474 1894 2559 qnod

307 2595 460 2653 auctores
488 2593 599 2654 aetate
626 2586 801 2652 inferiores
829 2607 865 2652 se
892 2594 1065 2670 acceptum
1093 2585 1216 2652 habere
1242 2607 1324 2671 prae
1351 2608 1388 2653 se
1410 2589 1524 2653 fsmnt
1544 2625 1585 2634 —-
1608 2595 1699 2653 certe
1721 2609 1789 2652 non
1811 2586 1894 2652 omi·
1975 2577 1981 2626 ¹

307 2696 409 2764 sisset
435 2696 639 2764 sententiam
666 2678 761 2762 sunm
789 2694 973 2763 Simonidis
1001 2698 1136 2764 nomine
1169 2700 1382 2776 confirmare,
1415 2708 1454 2764 ut
1487 2699 1544 2783 qui
1572 2699 1608 2763 in
1635 2697 1751 2765 eodem
1779 2698 1895 2765 libello

307 2812 369 2893 (cp.
384 2808 442 2892 36)
466 2807 675 2874 Herodotum
697 2807 937 2892 epigrammate
959 2807 1164 2893 redarguens
1187 2808 1290 2893 (apud
1311 2807 1436 2893 Bergk.
1453 2810 1530 2892 leo)
1553 2811 1751 2894 nominatim
1774 2809 1815 2875 ad
1839 2807 1893 2875 Si·

306 2918 474 2986 monidem
496 2905 723 3004 provocet-
743 2918 856 2984 Erunt
871 2919 991 2985 ‘autem
1013 2920 1156 2985 fortasse
1179 2920 1237 3004 qui
1259 2927 1426 2997 censeant,
1450 2921 1480 2986 si
1502 2921 1645 3005 elegiam
1665 2921 1766 2986 istam
1782 2918 1894 2985 Simo·

305 3029 401 3098 uides
433 3032 673 3115 composuerit,
706 3033 801 3115 cnjus
834 3053 895 3099 sex
921 3051 1041 3096 versus
1073 3030 1194 3114 reliqui
1222 3029 1363 3097 consilio
1391 3051 1429 3096 ac
1456 3031 1586 3097 ratione
1614 3030 1894 3115 epigrammatum

306 3140 376 3207 sint
397 3140 528 3220 similia,
551 3162 619 3208 non
642 3162 716 3208 esse
738 3140 826 3226 quod
847 3148 965 3207 contra
987 3141 1117 3218 Dionis,
1141 3140 1309 3220 Aristidis,
1332 3141 1559 3226 Anthologiae
1575 3142 1769 3211 testimonia
1783 3139 1894 3208 Simo·
1924 3123 1933 3200 l

306 3251 376 3318 nidi
398 3273 438 3318 ea
459 3251 695 3337 abjudicemus.
738 3252 795 3318 Ad
814 3252 849 3318 id
871 3251 1074 3336 respondere
1101 3252 1235 3337 quidem
1262 3274 1456 3337 possumus,
1484 3275 1604 3339 parum
1625 3275 1669 3320 ex
1690 3253 1745 3320 his
1768 3252 1894 3337 elegiae

306 3364 460 3433 versibus
481 3363 627 3449 perspici
649 3371 767 3447 poetae
790 3364 1013 3441 voluntatem,
1043 3364 1177 3448 quibus,
1205 3372 1244 3430 nt
1269 3365 1357 3430 infra
1380 3366 1449 3449 (pg.
1471 3365 1528 3451 23)
1556 3365 1743 3432 accuratius
1766 3364 1893 3431 videbi·

305 3497 391 3555 mus,
413 3476 453 3542 de
476 3473 727 3542 Corinthiorum
748 3477 836 3541 reduc
858 3475 899 3540 ad
921 3475 1080 3542 Plataeas
1100 3479 1193 3562 qratia
1214 3475 1300 3541 nihil
1322 3477 1391 3542 fere
1414 3476 1510 3543 dicat.
1546 3475 1615 3543 Sed
1638 3477 1667 3544 si
1690 3477 1744 3543 cni
1765 3477 1818 3543 his
1841 3497 1894 3542 ar·

306 3587 474 3672 guinis
497 3585 649 3671 quaestio
664 3607 732 3652 non
748 3586 902 3652 videatur
924 3585 966 3652 ad
986 3585 1151 3670 liquidum
1172 3586 1342 3672 perducta,
1366 3587 1467 3655 altius
1490 3607 1530 3653 ea
1551 3589 1617 3654 erit
1639 3590 1687 3654 sic
1703 3587 1893 3672 repetenda.

408 3697 448 3765 Sl
463 3718 503 3764 ea
517 3696 709 3765 Simonides
725 3699 860 3784 scripsit
875 3699 1124 3783 epigrammata,
1149 3693 1233 3783 quae
1248 3719 1324 3764 cum
1339 3698 1503 3765 Herodoti
1517 3700 1708 3766 narratione
1730 3707 1893 3785 pugnant,

306 3818 366 3876 aut
397 3809 607 3877 Herodotum
644 3810 837 3895 putabimus
870 3831 890 3875 a
921 3812 1067 3876 veritate
1095 3808 1273 3876 deflexisse
1306 3810 1569 3877 obtrectatorum
1601 3810 1797 3889 Corinthiis,
1836 3817 1896 3876 aut

303 3920 392 3987 idem
414 3918 623 3987 Simonidem
650 3923 858 3988 commisisse
888 3921 1167 4005 gratificaturum,
1206 3927 1265 3986 aut
1297 3929 1476 4005 utrumque
1509 3929 1680 3988 auctorem
1719 3929 1777 3987 aut
1809 3921 1892 3986 alte·

303 4053 379 4098 rum
402 4039 505 4110 certe,
533 4054 615 4117 quas
642 4054 697 4100 res
720 4040 873 4117 acceptas
901 4032 1053 4109 haberet,
1081 4053 1138 4098 eas
1165 4032 1253 4099 bona
1279 4030 1344 4097 fide
1366 4032 1553 4112 rettulisse,
1582 4040 1634 4111 ut,
1658 4032 1791 4099 etiamsi
1812 4053 1894 4098 vera

304 4151 392 4222 sunt,
416 4164 501 4227 quae
523 4144 716 4211 Herodotus
737 4152 861 4222 namet,
883 4151 998 4210 tamen
1020 4141 1211 4211 Simonides
1233 4143 1383 4228 potuerit
1404 4142 1463 4209 illa
1485 4143 1727 4229 epigrammata
1748 4143 1893 4210 scribere

303 4255 389 4322 nihil
410 4256 582 4323 mentitus.

405 4366 633 4450 Unaquaeque
641 4387 684 4433 ex
693 4366 746 4433 his
756 4366 934 4433 sententiis
943 4365 1046 4432 habet
1054 4367 1110 4450 qui
1120 4366 1375 4450 amplectantur.
1388 4365 1436 4432 Ut
1445 4385 1465 4430 a
1473 4365 1660 4432 norissima
1668 4365 1892 4445 exordiamur,

302 4477 444 4543 minime
457 4476 664 4554 crediderim,
684 4477 864 4561 quidquam
877 4498 990 4543 rerum
1006 4475 1047 4543 ad
1063 4474 1267 4543 Salaminem
1284 4485 1455 4561 gestarum
1470 4476 1655 4543 nescivisse
1671 4476 1891 4555 Simonidem,

302 4588 475 4671 aequalem
501 4609 616 4655 eorum
644 4588 702 4671 qui
727 4587 796 4652 illis
822 4587 923 4654 robus
950 4589 1016 4672 ipsi
1042 4588 1267 4653 interfuerant
1293 4608 1331 4652 ac
1358 4588 1559 4653 familiarem
1582 4588 1775 4674 (Aeschyli,
1804 4588 1892 4655 Phe-

302 4699 492 4783 mistoclis).
535 4700 628 4784 Ergo
649 4720 732 4766 vcra
752 4699 885 4764 rettulit
906 4697 1111 4775 Simonides,
1141 4707 1240 4781 atque
1263 4696 1456 4764 Herodotus
1482 4700 1595 4783 potius
1620 4701 1760 4777 erravit,
1782 4699 1893 4765 Athe-

302 4808 472 4876 niensium
494 4811 742 4876 narrationibus
764 4810 921 4876 induotns
943 4817 978 4876 et
999 4809 1180 4893 deeeptus?
1223 4810 1437 4874 Alterutrum
1458 4817 1550 4875 certe
1576 4809 1712 4877 credere
1734 4810 1891 4876 videntur

302 4923 349 4997 ei,
378 4921 435 5006 qui
463 4943 483 4986 a
509 4922 648 4989 crimine
676 4923 781 4989 animi
807 4922 938 4991 venalis
961 4920 1168 4990 Simonidem
1198 4921 1382 4988 defendunt
1408 4920 1616 5005 eundemque
1639 4920 1755 4988 dicunt
1775 4920 1891 4986 laudes

1648 5041 1686 5094 3·
