4542 5617
1011 431 1337 552 ...202-

379 680 631 747 Corinthiorum
658 681 694 745 in
720 679 819 746 bellis
838 679 1021 745 Persarum
1047 685 1162 764 partas
1181 676 1336 744 versibus
1364 698 1503 744 ornasse
1524 678 1579 758 (ci
1600 675 1809 744 Schneider.
1834 678 1970 764 Proleg.

378 812 433 876 pg.
456 790 605 875 XXIX).
648 791 715 856 Est
736 789 870 874 quidem
893 810 933 855 ea
953 788 994 855 de
1016 788 1189 856 Herodoto
1212 790 1364 874 quaestio
1386 789 1624 856 historicorum
1645 789 1758 873 potius
1780 788 1969 873 provincia3

380 911 420 968 ut
447 911 561 968 tamen
595 901 780 986 paullisper
805 900 993 984 relinquam
1026 900 1258 979 auctoritates,
1292 900 1357 967 hoc
1389 900 1547 967 adhibere
1579 899 1691 985 placet
1722 899 1821 966 liberi
1841 900 1970 994 judicii.

252 1038 254 1042 ·
380 1013 653 1098 Ambigi'potest
674 1011 715 1078 de
737 1011 904 1077 Herodoti
924 1011 999 1077 loco
1021 1011 1118 1090 VIII,
1140 1012 1197 1089 94,
1227 1011 1285 1078 ubi
1306 1010 1388 1078 dicit
1408 1011 1536 1096 fugisse
1560 1009 1753 1078 Corinthios
1774 1011 1970 1097 pugnaris

380 1124 571 1202 commissa,
600 1123 629 1190 si
651 1122 917 1189 Atheniensibus
940 1121 1112 1202 vcredatur;
1141 1121 1200 1189 sed
1229 1121 1424 1189 Corinthios
1450 1121 1535 1189 illud
1560 1142 1699 1207 negare,
1726 1130 1814 1189 teste
1840 1121 1971 1206 reliqua

382 1233 533 1302 Graecia
576 1232 721 1300 Videtur
746 1235 851 1318 igitur
871 1232 1068 1299 Herodotus
1093 1234 1167 1318 ipse
1193 1233 1314 1301 dubius
1337 1254 1423 1300 esse.
1448 1230 1537 1312 ,Sed
1562 1232 1659 1299 nobis
1686 1233 1750 1299 hoe
1771 1233 1884 1319 potius
1906 1232 1969 1300 sub

380 1347 494 1413 verbis
520 1345 684 1412 Herodoti
709 1345 815 1412 latere
843 1344 992 1423 videtur,
1019 1363 1097 1410 cum
1123 1344 1389 1412 Atheniensibus
1416 1343 1609 1423 credidisse,
1639 1345 1793 1428 quamvis
1820 1344 1970 1411 obstaret

380 1456 586 1541 reliquorum
610 1456 817 1524 Graecorum
838 1455 1079 1534 testimonium,
1102 1462 1137 1522 at
1158 1455 1341 1523 eorundem
1363 1455 1562 1522 infestorum
1581 1455 1848 1526 Atheniensibus
1870 1456 1968 1540 (Ani-

381 1567 659 1636 madvertendum
691 1566 769 1645 erit,
800 1587 866 1651 quo
898 1569 1049 1651 tempor‘e
1081 1566 1149 1633 ista
1180 1567 1353 1651 scripserit
1378 1565 1595 1651 Herodotus).
1649 1569 1762 1652 Aegre
1793 1567 1884 1633 enim
1910 1565 1967 1633 ad·

383 1680 487 1747 ducor
517 1678 560 1746 ad
591 1677 808 1756 credendum,
841 1684 970 1743 tantem
1002 1699 1074 1744 rem
1107 1678 1361 1763 proximamque
1387 1678 1495 1763 ipsius
1528 1677 1631 1744 aetati
1656 1677 1868 1745 Herodotum
1899 1700 1969 1744 non

383 1791 535 1877 potuisse
556 1791 731 1876 explorare
752 1789 861 1874 idque,
883 1787 1038 1873 quamvis
1059 1787 1118 1855 ille
1141 1788 1187 1854 sit
1208 1789 1362 1874 simplex,
1384 1788 1497 1872 palam
1517 1790 1670 1856 confiteri
1692 1811 1762 1856 non
1783 1808 1858 1856 esse
1879 1790 1968 1856 veri·

384 1912 466 1971 tum.
497 1902 566 1971 Sed
579 1910 619 1970 ut
639 1903 675 1969 iu
697 1903 759 1969 hac
781 1923 818 1969 re
833 1901 1025 1980 erraverim,
1048 1899 1133 1967 illud
1148 1907 1239 1968 certe
1253 1907 1385 1967 constat
1407 1920 1451 1967 ex
1464 1899 1630 1967 Herodoti
1643 1900 1757 1967 verbis
1773 1900 1885 1982 (VIII,
1899 1900 1969 1987 59),

361 2005 568 2110 laumense
591 2013 767 2082 Corinthio
794 2013 902 2080 inrito
928 2019 1028 2097 atque
1055 2031 1155 2097 quam
1180 2010 1326 2077 maxime
1355 2018 1473 2077 contre
1498 2011 1628 2077 nitente
1651 2010 1740 2095 apud
1761 2008 1970 2078 Salaminem

254 2147 256 2164 ¹
368 2119 571 2214 lpugnstnm
597 2146 680 2192 esse.
723 2126 772 2190 At
798 2125 898 2209 plane
920 2123 1018 2189 aliter
1045 2129 1099 2190 est
1119 2122 1157 2188 in
1184 2122 1289 2207 epigr.
1312 2122 1373 2198 101
1397 2119 1509 2204 (Οὗτος
1526 2118 1752 2207 Ἀδειμάντου).
1795 2122 1877 2189 Jam
1899 2123 1971 2189 sia

384 2239 482 2305 nobis
508 2236 690 2322 impetrare
717 2256 911 2321 possumus,
938 2235 1039 2301 utin
1065 2233 1128 2299 hac
1156 2252 1288 2317 quoque
1314 2252 1351 2298 re
1377 2230 1589 2299 Herodotum
1615 2232 1806 2300 rumoribus
1834 2232 1971 2301 ductum

385 2349 569 2427 credamus,
591 2347 671 2432 quid
692 2347 856 2431 estquod
877 2345 1013 2412 omnino
1034 2343 1071 2410 iu
1092 2343 1163 2410 ulla
1183 2363 1221 2409 re
1243 2340 1344 2408 dubia
1366 2343 1398 2408 ei
1418 2342 1519 2410 fidem
1540 2342 1736 2410 habeamusi
1751 2381 1793 2394 -
1814 2344 1970 2430 Denique

385 2461 445 2528 rin
460 2458 614 2544 cuiquam
636 2457 772 2543 proban*
791 2456 991 2542 putaverim,
1014 2454 1265 2540 epigrammatis
1281 2454 1443 2538 majorem
1456 2453 1558 2520 fidem
1571 2453 1758 2521 habendam
1773 2475 1848 2522 esse
1870 2477 1970 2540 prop·

386 2578 493 2649 terea,
520 2568 609 2654 quod
633 2567 853 2654 „sepulcralia
874 2574 1091 2633 monumenta
1111 2565 1169 2633 rel
1190 2564 1404 2631 anathemata
1425 2564 1575 2632 omnium
1597 2566 1702 2632 oculis
1724 2567 1879 2651 exposita
1898 2568 1971 2633 fue-

385 2683 456 2748 rint
476 2701 586 2765 noque
606 2699 661 2746 res
683 2678 724 2744 de
747 2699 807 2744 suo
822 2678 1015 2761 confingere
1036 2675 1146 2760 poetis
1160 2676 1297 2762 impune
1312 2677 1461 2744 licuerit’
1484 2678 1541 2761 (ci.
1556 2674 1763 2746 Schneidew.
1777 2698 1832 2762 pg.
1846 2677 1972 2744 XXIX

386 2791 566 2876 Prolegg.).
608 2790 686 2857 Non
707 2788 888 2869 credimus,
913 2789 1065 2873 inquam,
1088 2788 1260 2873 quoniam,
1283 2788 1372 2873 quod
1393 2787 1635 2874 sepulcralibus
1656 2787 1798 2873 aliisque
1820 2791 1893 2875 ejus
1914 2809 1972 2873 ge-

386 2904 478 2970 neris
492 2902 719 2970 monumentis
733 2901 799 2967 ista
820 2899 988 2967 sententia
1002 2899 1201 2977 vindicatur,
1223 2899 1259 2966 id
1280 2899 1321 2966 de
1342 2899 1580 2967 historicorum
1595 2900 1844 2967 commentariis
1865 2901 1973 2966 multo

389 3015 510 3082 melius
532 3014 599 3082 dici
620 3020 745 3098 potest;
773 3012 833 3078 illa
853 3012 959 3090 enim,
986 3012 1109 3097 quippe
1132 3032 1216 3096 quae
1239 3010 1329 3077 domi
1351 3010 1485 3097 singula
1507 3012 1576 3078 sint
1597 3012 1715 3095 posita,
1738 3031 1846 3096 paene
1867 3009 1973 3076 latere

388 3124 558 3203 uidentur,
591 3146 667 3191 cum
695 3145 735 3190 ea
761 3141 934 3208 comparas
962 3142 1038 3189 oum
1064 3122 1133 3200 his,
1161 3123 1219 3207 qui
1245 3122 1303 3189 ubi
1330 3124 1476 3208 primum
1503 3130 1583 3190 sunt
1609 3121 1692 3189 editi
1722 3121 1811 3189 foras
1838 3121 1974 3189 evolant

388 3256 427 3304 ao
447 3234 663 3321 multiplicati
684 3241 793 3302 totum
815 3242 981 3300 terrarum
1004 3233 1119 3300 orbem
1140 3242 1351 3319 percurrunt

491 3348 620 3413 Earum
641 3345 762 3412 deinde
784 3346 1037 3426 sententiarum,
1061 3366 1144 3430 quas
1158 3353 1228 3413 tres
1243 3367 1345 3431 supra
1366 3346 1550 3432 posuimus,
1573 3345 1763 3426 secundam,
1786 3347 1974 3432 quaHero·

389 3460 488 3527 dotus
510 3459 633 3528 dicitur
653 3458 867 3544 malignitate
887 3456 1049 3523 adductus
1073 3455 1324 3524 Corinthiorum
1345 3456 1500 3525 laudibus
1522 3458 1771 3537 obtrectarisse,
1794 3458 1973 3542 (Pseudo-l

388 3570 592 3639 Plutarchus
619 3569 768 3636 defendit
794 3589 834 3637 oo
859 3567 988 3646 libello,
1016 3567 1074 3650 qui
1098 3567 1294 3636 inscribitur
1319 3569 1392 3655 Περὶ
1417 3575 1472 3655 τῆς
1489 3569 1657 3658 Ἡροδότου
1685 3571 1876 3657 κακοηθείας.
1919 3570 1973 3638 De

390 3706 455 3770 quo
477 3682 592 3750 libello
615 3703 691 3748 cum
711 3681 904 3765 Lahmeyer
930 3681 1110 3765 praeeipua
1135 3702 1217 3747 cura
1243 3682 1416 3766 scripserit
1437 3682 1650 3766 quaestiones
1673 3681 1741 3764 (De
1762 3680 1870 3748 libelli
1890 3681 1973 3747 Plu-

389 3794 525 3874 tarchei,
549 3794 607 3879 qui
628 3792 658 3858 d
679 3793 760 3859 Her.
782 3792 859 3858 mal.
880 3792 1014 3858 inscrib.
1037 3800 1071 3858 et
1092 3793 1291 3858 auctoritate
1313 3799 1348 3858 et
1369 3795 1528 3876 auctore),
1550 3812 1620 3857 non
1641 3812 1726 3876 opus
1748 3798 1802 3859 est
1822 3798 1974 3877 repetere

391 3928 517 3987 causas,
540 3927 600 3973 cur
621 3926 697 3971 eam
717 3903 884 3971 maculam
906 3903 1092 3971 Corinthiis
1115 3904 1268 3971 consulto
1289 3903 1499 3971 Herodotum
1521 3903 1706 3989 aspersisse
1727 3924 1797 3971 non
1818 3903 1865 3970 sit
1885 3903 1975 3971 veri·

391 4019 510 4098 simile,
526 4017 725 4108 praesertim
740 4038 817 4084 cnm
830 4014 928 4082 hodie
943 4014 984 4081 de
1000 4015 1061 4081 hac
1075 4015 1240 4083 Herodoti
1254 4015 1319 4083 fide
1334 4037 1403 4083 non
1418 4016 1572 4083 dubitent
1585 4015 1746 4083 historici
1776 4015 1825 4082 Cf.
1838 4015 1975 4084 Curtius

392 4131 537 4216 (Hister.
564 4150 628 4195 rer.
655 4150 703 4213 gr.
730 4126 780 4205 Π,
812 4148 866 4211 pg.
894 4124 971 4208 7543,
1004 4125 1078 4191 adn.
1105 4127 1172 4209 30).
1220 4127 1358 4212 Ambigi
1388 4148 1487 4212 posse
1514 4147 1618 4212 supra
1644 4131 1717 4212 (pg.
1744 4127 1800 4207 20)
1833 4127 1904 4194 diri
1935 4127 1976 4194 de
2052 4201 2057 4206 ,

391 4240 515 4307 Herod
531 4239 628 4318 VIII,
642 4239 694 4315 94,
718 4259 817 4322 quem
831 4238 943 4303 locum
958 4236 1095 4303 Curtius
1111 4259 1174 4304 nos
1196 4238 1362 4324 inspicere
1378 4237 1574 4324 Jahrb-,sed
1595 4237 1625 4303 si
1648 4239 1722 4322 quis
1743 4237 1977 4324 incorruptum

387 4351 551 4436 judicium
573 4349 738 4417 Herodoti
760 4350 836 4417 vult
856 4348 1012 4434 probare,
1039 4370 1112 4419 non
1133 4349 1355 4417 omittendum
1376 4350 1568 4436 putaverim
1589 4372 1667 4418 eum
1688 4350 1799 4417 locum
1821 4351 1891 4434 (lib.
1913 4351 1976 4429 IX,

393 4463 465 4541 102,
482 4464 569 4546 105),
591 4462 650 4529 ubi
671 4483 726 4528 res
749 4460 837 4546 apud
850 4460 1008 4546 Mycalen
1029 4469 1143 4547 gestas
1165 4483 1370 4546 persequens
1391 4463 1530 4528 minime
1551 4461 1649 4528 leude
1666 4462 1762 4547 justa
1783 4461 1977 4529 Corinthios

392 4575 512 4659 privat
548 4572 633 4639 Illae
654 4579 766 4639 autem
788 4572 1046 4648 criminationes,
1069 4572 1190 4657 quibus
1206 4571 1373 4640 Corinthii
1393 4575 1430 4640 in
1451 4573 1661 4641 Herodotum
1683 4573 1903 4648 invehuntur,
1924 4571 1976 4635 in-

392 4687 473 4751 fima
493 4691 602 4751 aetate
623 4684 782 4752 ridentur
803 4685 965 4750 conflatae
988 4704 1070 4750 esse.
1111 4684 1212 4762 Nam,
1230 4689 1274 4751 'ut
1294 4684 1385 4751 disco
1408 4707 1429 4750 a
1447 4685 1673 4770 Lahmeyero,
1695 4682 1884 4749 Favorinus
1906 4679 1977 4765 (vel

393 4797 460 4863 Dio
484 4795 672 4881 Chrysost.)
695 4794 830 4861 demum
850 4805 967 4861 narrat
987 4794 1198 4862 Herodotum
1213 4794 1368 4862 Corinthi
1388 4796 1619 4862 recitationem
1640 4792 1807 4870 habuisse,
1829 4813 1891 4876 pro
1913 4813 1978 4877 qua

395 4929 471 5003 pum
486 4906 653 4975 Corinthii
674 4905 861 4976 mercedem
876 4914 1097 4985 recusassent,
1119 4907 1217 4982 illum
1238 4907 1275 4977 iu
1296 4906 1392 4974 libris
1414 4906 1485 4973 suis
1506 4926 1562 4972 res
1577 4901 1790 4984 Salaminiae,
1813 4914 1978 4989 quatenus
