4542 5617
934 477 1264 553 ..ῃ-

322 680 361 749 01
388 681 441 766 pia
469 680 524 764 ἐμὲ
549 680 728 760 κτείναντες,
756 700 856 764 quam
882 686 935 746 eet
960 679 1160 759 verisimile,
1193 702 1299 747 unum
1331 688 1420 746 certe
1447 702 1563 746 eorum
1590 681 1757 748 dicturum
1783 682 1824 748 de
1850 682 1910 748 illo

322 792 429 858 fnisse
454 798 493 857 ut
517 790 558 857 de
579 802 699 869 ααοοιο,
726 790 864 858 ductum
885 813 970 859 voce
995 792 1171 864 κτείναντες.
1214 793 1308 878 Ergo
1335 793 1470 860 videtur
1495 794 1612 860 infima
1638 793 1773 861 demum
1799 802 1909 862 aetate

290 909 305 928 “
325 903 536 988 epigramma,
559 909 659 968 antea
680 903 853 983 ἀδέσποτον,
878 900 1045 970 Simonidi
1059 906 1251 989 conjectura
1266 926 1340 971 esse
1354 904 1527 971 tributum.
1556 906 1688 973 Deinde
1710 908 1744 972 in
1767 906 1910 974 lectione

325 1012 548 1098 Anthologiae
571 1014 654 1087 ζῶντ’
677 1014 816 1080 ἀπέδωκε
844 1016 893 1097 (ἱιι
921 1014 1071 1099 ep.129,
1099 1037 1160 1101 pro
1189 1021 1275 1090 ζῶντι
1300 1019 1451 1103 παρέσχε)
1478 1017 1562 1082 mihi
1584 1017 1700 1084 videor
1726 1016 1910 1103 deprehen-

323 1125 412 1192 disse
434 1125 616 1211 vestigium
644 1146 686 1190 ex
713 1146 778 1209 quo
807 1145 1060 1211 cognoscamus,
1087 1148 1228 1213 operose
1250 1129 1438 1212 quaesitum
1460 1149 1549 1206 esse,
1577 1137 1615 1194 ut
1637 1151 1688 1214 ep.
1711 1127 1911 1196 128111101

322 1237 429 1303 altera
449 1244 546 1322 parte
567 1236 794 1322 responderet
837 1236 1025 1304 Nemeum
1051 1238 1088 1304 in
1115 1239 1178 1306 hoe
1205 1240 1353 1324 positum
1375 1240 1421 1305 sit
1442 1239 1670 1324 responsionis
1692 1262 1846 1319 acumen,
1874 1247 1913 1306 ut

321 1348 472 1414 retuderit
495 1347 649 1413 mortuus
676 1347 818 1433 gratiam
840 1347 994 1414 beneficii
1015 1350 1158 1434 accepti,
1185 1349 1220 1415 id
1240 1372 1322 1416 vero
1344 1351 1488 1416 lectione
1512 1354 1598 1423 ζῶντι
1621 1352 1755 1437 παρέσχε
1777 1352 1911 1435 (Treta,

324 1457 434 1525 Scbob
456 1457 610 1538 Aristid,
645 1459 765 1543 quibus
792 1459 935 1525 alterum
961 1459 1046 1525 illud
1067 1460 1275 1546 epigramma
1298 1462 1451 1546 ignotum
1477 1462 1545 1548 est)
1571 1460 1728 1527 nonnihil
1754 1463 1912 1529 obtusum
1999 1545 2009 1562 ι

214 1563 222 1572 ’
321 1568 500 1645 videretur,
515 1576 645 1635 mumta
654 1569 718 1635 bac
728 1569 872 1636 lectione
883 1590 1003 1637 uersus
1019 1569 1185 1636 secundus
1197 1570 1238 1637 ad
1249 1570 1474 1655 Anthologiae
1489 1565 1911 1640 historiunoulam‘accom·

323 1679 478 1746 medabus
490 1685 552 1745 est
581 1679 659 1745 Non
680 1686 881 1765 receperunt
902 1679 1035 1764 quidem
1057 1679 1203 1778 editores
1224 1680 1403 1747 lectionem
1418 1681 1502 1755 ζῶντ’
1517 1689 1655 1767 propter
1670 1706 1679 1746 ι
1694 1681 1801 1752 dativi
1815 1704 1911 1750 casus

324 1789 444 1858 elisum
466 1791 521 1874 (ot
543 1773 780 1857 Schneidewin
800 1811 855 1876 pg.
879 1790 956 1872 171)
979 1797 1015 1857 et
1039 1791 1263 1859 restituerunt
1287 1792 1382 1858 illam
1405 1797 1493 1866 ζῶντι
1514 1794 1648 1879 παρέσχε
1668 1795 1768 1879 χάριν.
1812 1795 1861 1859 At
1882 1794 1912 1861 si

322 1922 364 1968 ea
377 1900 481 1968 verba
503 1898 686 1967 Simonidis
702 1909 790 1979 sunt,
812 1922 882 1967 non
905 1900 1082 1967 admodum
1105 1908 1229 1968 teretes
1252 1903 1401 1968 aurosis
1423 1901 1744 1980 videturbabuisse,
1767 1903 1821 1968 eui
1842 1923 1911 1969 non

324 2012 412 2078 male
426 2019 587 2079 sonarent
596 2033 652 2081 vv.
663 2012 806 2099 παρέσχε
819 2013 917 2099 χάριν
932 2009 1082 2097 (Similia
1096 2011 1231 2097 quidem
1245 2012 1337 2079 diseo
1353 2035 1374 2078 a
1386 2012 1558 2079 Lobeckio
1573 2012 1719 2097 Paralip.
1734 2033 1872 2096 mamm
1882 2012 1910 2092 1,

324 2143 378 2207 pg.
400 2123 443 2187 44
465 2122 612 2190 admissa
634 2144 723 2204 esse,
745 2130 781 2189 at
802 2144 893 2203 raro;
917 2122 1037 2190 deinde
1059 2124 1188 2201 nescio,
1211 2144 1255 2189 an
1277 2123 1344 2190 alia
1365 2125 1410 2190 sit
1431 2124 1596 2201 locorum,
1619 2144 1702 2208 quos
1723 2123 1781 2189 ille
1804 2124 1912 2203 affert,

327 2232 499 2317 condicio).
545 2233 702 2300 Oeterm
725 2233 976 2318 epigrammatis
999 2232 1114 2300 leena
1136 2234 1308 2301 simillima
1329 2235 1523 2300 exstantia
1544 2233 1751 2318 Anthologia
1772 2232 1835 2316 (ed
1850 2232 1911 2300 Ja-

328 2343 406 2409 cobs
428 2344 657 2411 δδέσποταΝο.
671 2344 856 2428 sve-4⁷8)
880 2344 1000 2429 quibus
1023 2345 1177 2412 omnibus
1198 2365 1266 2413 una
1286 2367 1341 2411 res
1357 2352 1529 2424 beataum,
1552 2346 1816 2412 exsecrationem
1838 2344 1911 2411 dieo

327 2454 469 2539 alicuius
495 2455 643 2521 bominis
671 2475 692 2521 a
716 2455 902 2522 latronibus
930 2458 1042 2523 necati
1068 2466 1103 2524 et
1125 2456 1167 2523 ab
1189 2456 1316 2523 eisdem
1344 2456 1467 2541 sepulti
1490 2455 1568 2540 (473
1590 2457 1673 2520 τοίου
1696 2455 1806 2526 καδτδς
1828 2451 1911 2520 δναιο
1960 2439 1962 2442 ’

326 2567 442 2653 τάροο,
479 2565 544 2632 474
568 2571 628 2630 τῶν
657 2565 753 2631 αὐτῶν
786 2567 924 2653 μετέχοις
956 2569 1053 2653 ὦνπερ
1086 2568 1153 2653 ἐμοὶ
1183 2569 1340 2654 παρέχεις,
1380 2568 1443 2633 475
1470 2569 1553 2653 ποίης
1581 2567 1735 2653 ἀντιτίχοι
1765 2568 1912 2653 χάριτος).

328 2674 424 2757 Quae
440 2696 515 2742 cum
530 2677 708 2744 manifesto
724 2677 821 2744 fictae
844 2678 914 2743 sint
934 2678 1181 2763 inscriptiones,
1204 2686 1344 2763 apparet
1358 2678 1523 2762 ejusmodi
1545 2684 1780 2763 crgrrmentum
1802 2676 1914 2743 lusum

327 2787 432 2852 inisse
453 2788 637 2872 poeticum3
672 2790 767 2873 cujus
795 2789 927 2873 generis
955 2790 1057 2855 etiam
1083 2789 1167 2855 illud
1193 2797 1403 2874 potestesse
1427 2787 1497 2854 128.
1540 2789 1695 2873 Denique
1723 2786 1803 2872 quid
1830 2786 1914 2853 mihi

328 2896 461 2964 abunda
484 2898 602 2967 auxilii
624 2899 669 2966 sit
684 2899 801 2968 ¹latum
823 2898 865 2965 ad
886 2899 922 2966 id
943 2901 1151 2985 epigramma
1173 2897 1339 2967 Simonidi
1360 2899 1631 2985 abjudicandum,
1658 2897 1735 2967 vide
1762 2897 1852 2963 infra
1877 2898 1913 2962 in

329 3015 480 3076 extrema
500 3009 564 3076 bac
586 3011 876 3077 commentatione.

968 3221 1276 3234 ——n-—n—-on

432 3454 512 3522 Jam
526 3453 567 3521 ad
583 3453 686 3520 alium
701 3452 878 3539 aggredior
899 3454 1178 3540 epigrammatum
1200 3451 1405 3531 fasciculum,
1427 3473 1513 3536 quae
1533 3448 1717 3518 Simonidis
1738 3451 1914 3527 habentur,

332 3567 390 3633 sed
407 3567 502 3644 mihi,
524 3567 582 3633 ubi
596 3567 742 3651 primum
758 3566 910 3651 cognovi,
933 3573 1089 3651 suspecta
1111 3571 1209 3632 erant
1222 3564 1264 3631 ob
1286 3586 1359 3631 rem
1372 3562 1527 3634 versibus
1550 3562 1760 3648 explicatam,
1782 3560 1915 3627 laudem

331 3677 406 3744 dico
429 3677 681 3745 Corinthiorum
707 3685 840 3763 partam
866 3699 980 3764 pugna
1001 3678 1210 3744 Artemisina
1236 3684 1271 3744 et
1292 3676 1485 3743 Salaminia
1530 3675 1616 3743 Cum
1643 3685 1756 3742 autem
1782 3672 1915 3739 intelle·

332 3807 446 3873 geram
474 3790 607 3857 easdem
632 3810 702 3868 res,
730 3809 815 3874 quae
843 3790 1067 3875 suspicionem
1093 3811 1204 3857 meam
1225 3788 1426 3866 movissent,
1451 3809 1561 3872 neque
1586 3787 1733 3873 ignorari
1754 3785 1915 3871 potuisse,

331 3908 371 3966 ut
388 3900 602 3979 notissimae,
629 3902 670 3966 ab
693 3900 742 3967 eis
764 3887 962 3978 editoribus,
990 3901 1046 3985 qui
1069 3921 1126 3967 eas
1149 3900 1283 3967 silentio
1305 3899 1541 3984 praeterirent,
1570 3909 1604 3965 et
1625 3919 1645 3963 a
1667 3896 1837 3963 nonnullis
1859 3896 1917 3962 vel
2027 3975 2031 3982 Α

332 4012 593 4090 commemorari,
616 4011 750 4079 anullo
771 4020 886 4079 tamen
908 4033 949 4079 ea
963 4012 1205 4097 epigrammata
1219 4009 1385 4078 Simonidi
1407 4010 1598 4095 abjudicari,
1620 4008 1811 4076 diffidebam
1834 4007 1916 4072 satis

332 4124 509 4190 firmamo
536 4123 660 4191 habere
688 4130 885 4210 argumenta
912 4123 953 4189 ad
981 4124 1213 4208 quaestionem
1240 4123 1479 4190 sustinendam
1522 4123 1572 4189 At
1596 4131 1775 4207 postquam
1802 4119 1916 4185 obser·

312 4235 412 4301 'vavi
431 4233 539 4313 illum,
562 4234 603 4301 de
625 4241 691 4319 quo
713 4256 815 4320 supra
836 4234 1021 4320 disputavi,
1044 4236 1253 4320 pronominis
1274 4231 1362 4307 οὗτος
1383 4255 1495 4310 usum,
1518 4233 1660 4299 accessit
1680 4232 1764 4296 mihi
1783 4227 1916 4297 animus

332 4345 532 4429 repetendae
565 4346 770 4430 quaestionis
798 4353 898 4431 atque
925 4345 1161 4427 absolvendae;
1193 4367 1273 4413 nam
1298 4348 1335 4412 in
1362 4368 1401 4412 eo
1428 4364 1567 4410 numero
1593 4344 1654 4408 illa
1680 4361 1810 4427 quoque
1839 4330 1918 4408 sunt

331 4453 394 4523 No.
418 4456 479 4523 101
509 4455 620 4540 (Οδπος
636 4455 853 4545 Ἀδειμάντου)
882 4455 1006 4524 et184
1034 4457 1129 4545 (ταῦτ’
1154 4458 1212 4523 ἀπὸ
1235 4458 1429 4541 δυσμενέων).
1473 4455 1567 4522 Haeo
1594 4452 1728 4538 quidem
1755 4453 1820 4520 duo
1837 4453 1917 4538 'epi-

333 4574 520 4652 grammata
536 4568 610 4652 jam
629 4567 725 4634 nulle
746 4574 848 4653 egent
869 4568 1105 4653 disputatione,
1128 4571 1257 4654 relique
1278 4577 1401 4646 διιιιιοιι,
1424 4568 1460 4632 in
1483 4566 1603 4651 quibus
1625 4586 1718 4651 pron.
1741 4564 1828 4637 οὗτος
1849 4583 1917 4627 non
1960 4551 1969 4583 ⁴

332 4686 386 4744 est
406 4679 607 4760 adhibitum
631 4686 732 4765 atque
754 4680 785 4747 si
805 4678 891 4745 mihi
913 4681 1100 4767 eontigerit,
1123 4689 1162 4746 ut
1184 4680 1413 4747 demonstrem
1433 4679 1594 4745 universa
1615 4699 1655 4744 ea
1676 4676 1919 4762 epigrammata

333 4788 375 4854 ad
397 4781 650 4858 Corinthiorum
676 4814 731 4859 res
758 4798 872 4877 gestas
900 4792 1088 4877 spectantia
1113 4798 1252 4878 propter
1273 4811 1328 4857 res
1349 4789 1442 4875 ipsas
1465 4811 1539 4857 esse
1562 4787 1751 4864 subdititia,
1779 4790 1919 4869 apparet

331 4920 401 4966 non
421 4898 588 4970 mediocre
609 4903 687 4970 inde
708 4905 959 4970 firmamentum
981 4923 1194 4970 accessurum
1216 4903 1275 4981 eis,
1297 4922 1382 4985 quiae
1403 4899 1445 4968 de
1467 4923 1561 4987 pron
1583 4901 1671 4970 οὗτος
1692 4895 1871 4981 disputavi

1545 5025 1550 5034 '
1697 5020 1715 5073 8
