4542 5617
974 369 1298 443 „12—

346 568 403 634 ubi
424 569 506 636 haec
529 571 654 655 scripta
675 570 850 636 habemus:
873 576 979 634 ταῦτα
1003 573 1036 637 δέ
1052 573 1228 658 προσφέρων
1246 572 1339 638 ἆθλον
1355 571 1456 658 ὄρθιον
1473 574 1588 659 ὤρυσαι
1602 575 1749 659 θαρσέων,
1773 597 1856 659 quae
1871 599 1928 642 vv.
1973 541 1975 558 ·

346 681 394 746 sic
416 683 583 747 convertit
596 682 802 747 Boeckhius:
829 692 883 760 „at
903 682 966 748 hoc
988 695 1169 767 apportans
1191 685 1379 769 praemium
1401 686 1467 750 alte
1483 686 1665 751 vociferare
1687 685 1869 763 audacter‚¹’
1893 697 1928 752 ct

282 861 287 868 ,
344 793 381 856 in
403 793 625 876 explicatione
647 775 730 858 haec
753 792 856 858 addit:
882 792 995 871 ,ἆθλον
1019 802 1072 859 est
1094 795 1249 880 hymnus,
1272 795 1460 879 praemium
1474 797 1624 872 victoris,
1648 796 1735 880 quod
1750 798 1807 886 ,illi
1829 810 1929 881 poeta

345 903 457 980 affert,
485 906 542 987 qui
563 903 666 969 verbo
690 904 804 990 ὤρυσαι
827 927 886 970 suo
914 926 1006 970 more
1034 927 1107 971 sese
1135 906 1358 971 exhortatur?
1381 944 1423 953 -
1437 901 1520 990 ⁴'Age
1547 929 1643 985 vero,
1670 929 1729 973 our
1750 910 1823 991 jam
1845 908 1926 973 Pin-

266 1089 271 1098 ,
345 1013 445 1078 darus
468 1015 509 1080 ab
532 1036 571 1078 ea
593 1035 692 1097 quam
714 1015 860 1081 vidimus
882 1015 919 1080 in
941 1016 1103 1100 ejusmodi
1129 1016 1212 1081 locis
1235 1038 1311 1081 eum
1334 1024 1486 1082 secutum
1508 1038 1582 1082 esse
1605 1017 1843 1082 consuetudine
1864 1017 1928 1082 hoe

346 1147 411 1189 uno
433 1125 506 1190 loco
528 1125 687 1191 recessit?
729 1125 859 1209 Nempe
886 1125 974 1209 quod
1001 1148 1096 1192 suam
1122 1127 1228 1210 ipsius
1255 1148 1432 1210 personam
1459 1128 1518 1193 ille
1544 1129 1639 1211 quasi
1666 1127 1758 1193 abdit
1784 1128 1929 1194 secunda

346 1234 499 1321 (ὤρυσαι),
522 1243 560 1300 ut
576 1238 649 1320 jam
671 1240 759 1299 ταῦτα
782 1235 875 1300 ἄλλον
898 1238 943 1301 sit
967 1249 1072 1314 ,ιαιιιιι
1092 1237 1282 1322 hymnum.''
1327 1237 1392 1318 (Gi
1415 1237 1517 1303 Funk
1538 1238 1558 1302 l.
1581 1238 1617 1320 l.)

448 1345 546 1428 Quod
568 1348 597 1412 si
613 1350 686 1431 jam
708 1353 852 1424 constat,
875 1368 942 1412 non
964 1349 1160 1431 pronomine
1184 1346 1285 1423 οὗτος,
1309 1348 1368 1413 sed
1391 1348 1442 1412 tae
1465 1349 1636 1432 superiore
1659 1360 1767 1415 aetate
1790 1349 1926 1415 demon-

346 1458 444 1523 strari
467 1479 547 1535 rem,
570 1457 622 1523 oui
645 1480 721 1523 cum
743 1479 791 1535 eo,
814 1461 909 1541 cujus
928 1459 1114 1524 afferuntur
1133 1460 1245 1535 verba,
1269 1460 1456 1525 arctissima
1477 1469 1529 1525 est
1547 1460 1767 1536 necessitudo
1789 1482 1927 1545 eamque

346 1567 618 1633 consuetudinem
635 1569 664 1633 si
685 1575 754 1634 tam
773 1579 924 1633 accurate
948 1553 1158 1635 observatam
1181 1591 1254 1634 esse
1277 1569 1440 1646 videmus,
1463 1560 1502 1636 ut
1523 1592 1541 1636 e
1563 1571 1741 1655 permultis
1763 1571 1846 1636 loeis
1868 1573 1928 1637 vix

343 1701 431 1744 unus
446 1679 492 1744 sit
507 1687 683 1763 exemptus
700 1679 834 1761 (Aesch
851 1678 998 1764 Ohoeph.
1014 1680 1086 1757 231,
1111 1702 1150 1746 ac
1164 1682 1306 1745 fortasse
1329 1702 1371 1745 ne
1393 1681 1423 1745 is
1438 1680 1598 1767 quidem),
1620 1683 1695 1747 fieri
1715 1703 1785 1747 non
1806 1689 1926 1766 potest,

194 1871 196 1880 Ι
288 1825 296 1884 ;
344 1792 441 1855 utin
463 1791 612 1874 ejusdem
626 1790 752 1854 aetatis
762 1791 1013 1873 epigrammatis
1035 1793 1233 1875 pronomine
1249 1791 1336 1861 οὗτος
1358 1790 1606 1856 demonstretur
1621 1793 1676 1858 vel
1690 1793 1848 1871 tumulus,
1871 1793 1926 1859 vel

289 1887 295 1910 ”
344 1901 374 1967 is
401 1910 568 1978 mortuus,
596 1903 689 1984 eujus
717 1909 770 1965 est
796 1900 1001 1985 sepulcrum,
1022 1902 1079 1968 vel
1105 1923 1160 1967 res
1186 1902 1350 1978 dedicata,
1378 1902 1537 1984 quoniam
1564 1923 1640 1967 eum
1667 1903 1720 1967 his
1748 1904 1847 1969 rebus
1874 1904 1927 1967 in-

345 2012 482 2096 scriptio
497 2034 565 2076 non
579 2012 691 2075 minus
706 2019 797 2076 arcte
820 2020 871 2077 est
893 2014 1060 2096 conjunta.
1091 2011 1190 2094 Quod
1212 2034 1288 2077 oum
1309 2034 1370 2096 per
1393 2034 1429 2077 se
1451 2014 1564 2078 nescio
1587 2035 1630 2077 an
1652 2015 1797 2079 sufficiat
1819 2016 1928 2098 suspi-

345 2123 465 2199 cando,
492 2143 532 2188 ea
559 2122 814 2205 epigrammata,
847 2144 930 2206 quae
958 2123 1201 2206 antiquioribus
1232 2124 1341 2207 poetis
1369 2124 1560 2189 tribuantur
1585 2124 1738 2207 neglecto
1765 2125 1823 2190 illo
1850 2147 1927 2208 pro-

344 2235 518 2299 nominum
540 2232 740 2310 discrimine,
764 2233 940 2299 subditicio
962 2255 1044 2310 esse,
1067 2242 1140 2299 tum
1162 2233 1298 2311 accedit,
1321 2234 1410 2316 quod
1433 2235 1513 2299 talia
1535 2235 1775 2318 epigrammata
1795 2243 1929 2319 praeter

345 2366 392 2422 ea,
415 2364 498 2427 quae
515 2365 616 2427 supra
638 2345 838 2428 suspectari,
861 2344 961 2410 certis
984 2343 1116 2428 quidem
1139 2345 1285 2426 antiquis
1308 2344 1497 2410 auctoribus
1520 2344 1687 2429 adscripta
1708 2368 1776 2411 non
1797 2346 1927 2413 inveni-

344 2465 448 2521 untur
468 2454 534 2519 nisi
556 2477 675 2532 unum,
702 2455 789 2538 quod
810 2456 1033 2521 Anacreontis
1054 2476 1177 2519 nomen
1200 2476 1280 2538 prae
1303 2476 1339 2520 se
1361 2456 1441 2531 fert,
1470 2454 1569 2539 idque
1592 2457 1649 2522 vel
1669 2467 1807 2541 propter
1828 2458 1928 2521 aliam

344 2587 478 2633 causam
506 2575 710 2650 suspectum.
757 2565 864 2652 Neqw
888 2569 1018 2654 rqieriss
1044 2589 1137 2653 pron.
1165 2565 1253 2634 οὗτος
1279 2568 1312 2629 in
1338 2566 1401 2629 ado
1427 2589 1532 2631 eoram
1558 2569 1822 2653 epiqrornmotam,
1851 2591 1928 2654 quoe

344 2680 430 2765 apud
451 2678 643 2743 Herodotum
665 2689 692 2742 et
718 2679 924 2764 ibeopdidem
946 2689 1064 2743 erstem
1091 2676 1212 2742 horum
1235 2683 1326 2741 certe
1349 2685 1458 2741 aetate
1481 2678 1660 2761 superiora.
1705 2676 1795 2745 Sunt
1815 2687 1928 2742 autem

345 2789 432 2873 apud
465 2810 537 2866 eos,
569 2794 703 2872 praeter
736 2810 797 2854 sex
828 2789 900 2865 illa,
933 2808 1017 2871 quae
1045 2784 1211 2853 Simonidi
1245 2786 1439 2852 tribuuntur
1461 2787 1634 2870 (quattuor
1661 2773 1749 2871 apud
1775 2787 1927 2852 Herodo-

345 2911 429 2977 tum,
462 2899 527 2965 duo
560 2898 649 2982 apud
676 2898 918 2984 Thucydidem)
952 2898 1006 2963 his
1038 2898 1121 2963 locis
1149 2899 1311 2965 dbtororn:
1345 2897 1447 2963 Thus.
1471 2899 1535 2974 VI,
1564 2900 1620 2975 54,
1647 2898 1769 2963 Herod.
1791 2897 1858 2975 IV,
1884 2897 1929 2961 88

345 3011 456 3092 (omisi
489 3031 542 3086 ea,
575 3010 618 3074 ad
644 3032 728 3092 quae
755 3019 913 3076 neutrum
939 3030 1122 3093 pronomen
1150 3009 1335 3074 adhibitum
1363 3013 1437 3089 est).
1487 3008 1640 3091 Denique
1667 3010 1705 3072 in
1731 3028 1926 3092 quoeunque

344 3122 570 3203 antiquiorum
591 3131 764 3186 auctorum
786 3122 1025 3204 epigrammate
1047 3119 1246 3185 admetrum
1262 3143 1329 3185 non
1351 3121 1503 3194 interest,
1525 3128 1638 3183 utrum
1660 3140 1754 3202 pron.
1778 3119 1864 3188 οὗτος
1884 3139 1927 3183 an

345 3231 396 3297 ὅδε
417 3231 626 3309 adhibeatur,
654 3232 840 3297 adhibitum
866 3232 1019 3296 videmus
1047 3231 1109 3296 hoc
1135 3231 1293 3308 alterum,
1322 3241 1361 3296 ut
1387 3232 1423 3294 in
1446 3228 1649 3295 Simonideis
1669 3231 1731 3297 No.
1753 3229 1809 3308 92,
1837 3253 1868 3294 v.
1892 3232 1925 3308 1;

345 3343 416 3416 159,
439 3365 471 3408 ν.
495 3343 528 3422 1;
552 3341 624 3420 148,
646 3366 678 3407 v.
700 3345 729 3409 5.

445 3453 522 3519 Non
544 3454 703 3536 putabam
724 3453 793 3530 hic,
815 3454 871 3520 ubi
894 3454 935 3520 de
957 3460 1066 3519 aetate
1088 3454 1368 3538 epigrammatum
1390 3464 1583 3537 quaeratur,
1606 3454 1719 3536 magni
1741 3453 1926 3518 habendam

345 3563 532 3628 Pausaniae
555 3566 802 3642 auctoritatem
830 3564 864 3628 id
891 3585 956 3646 quo
979 3567 1055 3647 jure
1081 3564 1289 3647 putaverim,
1317 3566 1442 3647 optime
1469 3566 1660 3648 perspicere
1687 3565 1767 3632 licet
1794 3585 1836 3629 ex
1863 3565 1926 3631 hoc

344 3675 506 3759 exemplo.
550 3675 695 3740 Pansan.
717 3675 785 3752 IX,
809 3675 848 3738 11
877 3674 957 3739 dicit
978 3676 1014 3739 in
1035 3675 1295 3759 Amphitryonis
1318 3674 1415 3739 domo
1439 3696 1459 3739 a
1481 3675 1672 3758 Trophonio
1699 3682 1733 3740 et
1754 3673 1926 3757 Agamede

346 3787 518 3853 aedificata
539 3786 621 3852 haec
642 3788 746 3851 fuisse
767 3786 944 3869 inscripta:

698 3895 901 3981 Ἀμφιτρύωνι
914 3895 956 3959 ὅτ’
979 3895 1075 3980 ἔμελλ’
1099 3897 1263 3980 ἀγαγέσθαι
1286 3899 1373 3981 δεῦρο
1395 3902 1522 3981 γυναῖκα

698 4005 884 4091 Ἀλκμήνην,
907 4008 1046 4090 θάλαμον
1068 4008 1222 4090 sethtiaco
1245 4013 1373 4072 cedrea
1395 4010 1506 4093 ἑαυτῷ,

697 4116 866 4203 Ἀγχάσιυς
888 4118 1036 4201 δ’ἐπυίησε
1057 4116 1230 4204 Τροφώνιος
1252 4118 1298 4201 ἠδ’
1317 4117 1507 4203 Ἀγαμήδης,

347 4252 445 4315 quam
467 4230 721 4314 inscriptionem
742 4228 869 4312 legenti
890 4249 1087 4312 persuasum
1108 4229 1193 4293 mihi
1214 4239 1286 4294 erat
1307 4239 1444 4313 propter
1465 4251 1559 4313 pron.
1583 4227 1670 4298 οὗτος
1691 4251 1759 4295 non
1778 4230 1927 4294 tribuen-

346 4342 422 4408 dam
449 4363 522 4408 esse
559 4339 801 4424 antiquissimis
833 4340 1052 4423 temporibus3
1085 4339 1213 4424 gaudeo
1246 4340 1334 4423 quod
1360 4343 1396 4404 in
1423 4340 1486 4405 bac
1512 4362 1549 4405 rc
1576 4347 1697 4404 nactus
1724 4361 1799 4405 sum
1824 4341 1862 4406 F.
1885 4344 1927 4404 A.

346 4453 464 4518 Wolfii
490 4453 735 4528 testimonium,
768 4450 824 4535 qui
851 4450 940 4515 idem
968 4451 1175 4535 epigramma
1199 4450 1265 4515 alia
1292 4451 1411 4516 duetus
1439 4472 1538 4516 eausa
1565 4459 1681 4518 censet
1707 4452 1928 4517 recentiorum

346 4573 534 4648 temporum
561 4584 635 4628 esse
658 4561 804 4645 (Proleg.
828 4561 869 4626 ad
891 4561 1077 4628 Homerum
1102 4584 1156 4646 pg.
1178 4563 1228 4638 56,
1251 4562 1361 4628 adnot.
1384 4560 1450 4644 20).
1477 4600 1519 4610 -
1547 4563 1664 4644 Neque
1691 4561 1843 4642 reliquis,
1870 4558 1928 4642 qui

347 4675 435 4760 apud
455 4673 658 4741 Pausaniam
682 4681 818 4738 exstant
839 4673 1088 4758 epigrammatis
1110 4673 1301 4766 refellimur.
1345 4673 1433 4737 Nam
1455 4685 1512 4736 aut
1534 4670 1645 4736 addita
1666 4671 1707 4736 ab
1728 4672 1802 4754 ipso
1825 4671 1925 4736 habe·

346 4808 422 4852 mus
444 4785 613 4870 quaedam,
636 4806 654 4849 e
676 4783 795 4867 quibus
811 4805 1050 4868 cognoscamus
1072 4785 1159 4850 infra
1174 4782 1356 4850 Simonidis
1379 4791 1523 4848 aetatem
1540 4803 1585 4868 ‘ea
1607 4801 1681 4847 esse
1704 4781 1844 4860 condita,
1860 4789 1925 4847 ”aut
