4542 5617
1016 467 1342 550 418.-

425 755 436 770 .
485 680 598 762 Atque
621 682 702 744 sunt
723 677 842 762 epigrr.
865 676 1006 742 corinth.
1027 685 1161 761 praeter
1184 677 1245 743 101
1269 685 1304 744 61
1326 678 1388 743 134
1410 679 1505 745 haec:

484 789 547 856 No.
563 789 614 855 99.
649 786 784 872 (Ἀκμᾶς
798 788 983 871 ἑστακυῖαν),
1006 791 1101 872 cujus
1124 790 1374 873 epigrammatis
1397 790 1543 874 primum
1565 790 1733 856 distichon
1748 800 1860 859 exstat
1881 795 1969 878 apud

383 899 564 985 (Pseudo)
587 897 809 966 Plutarchum
832 899 885 964 De
900 897 1024 965 Herod.
1047 899 1124 965 mal
1147 921 1197 985 cp.
1212 899 1264 978 29,
1287 901 1375 985 apud
1397 901 1499 968 schol.
1521 902 1625 967 Arist
1647 903 1789 969 Panath.
1810 903 1874 982 ΙΙΙ,
1899 904 1970 981 136,

382 1014 418 1077 16
440 1009 579 1076 Anthol.
605 1009 680 1087 VII,
703 1007 781 1088 2503
809 1017 918 1074 totum
940 1009 1078 1076 exhibet
1098 1010 1240 1076 Aristid.
1262 1011 1307 1088 Π,
1330 1009 1407 1091 512;
1432 1007 1598 1077 Simonidi
1619 1015 1652 1077 in
1676 1035 1745 1079 una
1765 1014 1972 1099 Anthologia

384 1143 518 1189 carmen
541 1121 713 1199 tribuitur,
741 1121 885 1187 refertur
911 1127 1024 1187 tamen
1046 1119 1089 1186 ad
1109 1119 1295 1187 Leonidam
1318 1124 1455 1206 ejusque
1477 1130 1661 1200 trecentos,
1685 1124 1772 1207 quod
1795 1145 1971 1209 perperam

382 1234 457 1299 fieri
479 1232 623 1300 editores
645 1232 879 1298 demonstrant
900 1231 1040 1315 (Bergk.
1063 1231 1137 1297 adn.
1159 1232 1230 1314 95);
1257 1233 1318 1299 No.
1334 1232 1384 1298 98.
1409 1231 1466 1318 (Ὢ
1490 1233 1568 1314 ξεῖν’,
1592 1232 1747 1320 εὔυδρον),
1770 1235 1972 1302 traditurus

383 1343 560 1427 (Pseudo)
584 1343 767 1409 Plutarcho
789 1341 867 1408 ibid
890 1362 939 1427 op.
961 1342 1004 1410 39
1026 1350 1061 1410 61
1082 1342 1171 1427 apud
1193 1343 1339 1410 Dionem
1363 1344 1481 1430 Chrys.
1506 1342 1599 1410 Orat
1621 1345 1807 1424 XXXVII,
1829 1349 1906 1426 52&
1929 1347 1971 1413 ab

383 1454 445 1520 hoo
467 1475 535 1520 666
559 1451 725 1520 Simonidi
747 1453 915 1520 tribuitur.

486 1565 823 1634 Commemoraudum
845 1567 918 1644 erit,
941 1573 1075 1651 praeter
1088 1574 1325 1652 argumentum
1345 1567 1383 1632 in
1404 1567 1632 1652 compluribus
1648 1588 1765 1634 eorum
1779 1569 1902 1654 epigrr.
1917 1570 1969 1635 in·

383 1699 458 1745 esse
481 1678 644 1763 quaedam
665 1698 750 1763 quae
773 1677 950 1744 offendant
979 1677 1033 1744 De
1056 1678 1200 1744 lectione
1214 1676 1337 1743 tradita
1360 1677 1425 1743 ὅπλ’
1449 1679 1587 1744 ἀνέθεντο
1609 1680 1972 1764 Λ1τ6ῖ1666.13461

382 1787 424 1854 de
450 1789 658 1873 correptione
679 1789 717 1854 in
738 1811 770 1855 ν.
793 1788 922 1875 hspes<
942 1791 980 1858 in
1002 1809 1053 1873 ep.
1074 1788 1118 1855 98
1141 1789 1180 1854 cf.
1202 1787 1343 1872 Berghii
1366 1786 1476 1853 adnot.
1520 1787 1562 1853 In
1584 1809 1635 1873 ep.
1657 1788 1709 1867 98,
1732 1810 1832 1873 quam
1855 1789 1971 1856 (116661

378 1899 637 1984 inscriptionem
659 1919 734 1964 esse
756 1899 877 1964 tumuli
894 1898 1146 1966 Corinthiorum
1169 1898 1256 1982 apud
1279 1896 1453 1965 Salamina
1474 1919 1658 1976 caesorum,
1681 1900 1769 1985 apud
1792 1901 1970 1985 (Pseudo)

383 2009 604 2075 Plutarchum
618 2029 688 2073 non
703 2009 769 2095 ῥεῖα
785 2010 818 2073 a
832 2008 994 2076 habemus
1010 2011 1182 2094 scriptum,
1198 2009 1258 2076 sed
1272 2010 1392 2074 ἐνθάδε.
1423 2009 1536 2092 Quam
1549 2009 1729 2077 lectionem
1743 2032 1819 2080 cum
1833 2019 1971 2097 propter

383 2118 572 2206 asyndeton
592 2127 758 2203 negarent
784 2119 866 2185 fe‘rri
890 2141 992 2205 posse
1019 2119 1178 2199 editores,
1211 2120 1353 2186 alteram
1385 2119 1480 2186 illam
1506 2129 1713 2205 receperunt
1762 2123 1811 2192 At
1837 2122 1971 2206 quade

384 2251 485 2296 causa
505 2230 603 2296 illum
623 2229 815 2314 putabimus
838 2230 1019 2298 lectionem
1040 2232 1105 2318 poio
1120 2232 1154 2295 δὲ
1176 2230 1394 2315 reprobasse?
1432 2231 1529 2314 Quia,
1552 2231 1660 2309 credo,
1682 2233 1805 2300 mirum
1827 2233 1970 2310 ridetur,

384 2361 440 2407 eos
463 2342 521 2424 qui
537 2364 647 2428 papea
669 2343 840 2407 credemus
861 2341 1006 2425 gloriari,
1019 2341 1119 2428 sorite
1141 2362 1177 2407 se
1199 2341 1313 2440 hostes
1333 2362 1504 2425 navesque
1525 2364 1641 2408 eorum
1661 2343 1800 2427 cepisse.
1835 2345 1898 2428 Ep.
1917 2345 1970 2420 99,

385 2471 470 2534 quae
493 2449 636 2516 traditur
662 2451 838 2536 inscriptio
866 2472 940 2518 esse
968 2452 1159 2537 cenotaphii
1186 2442 1369 2517 eorundem
1392 2450 1660 2530 Corinthiorum,
1688 2475 1790 2520 esex
1816 2454 1971 2522 versibus

384 2567 517 2628 constat
538 2561 626 2646 apud
653 2584 756 2627 unum
779 2562 978 2638 Aristidem,
1005 2562 1126 2646 reliqui
1153 2562 1300 2647 primum
1327 2569 1459 2628 tantum
1486 2562 1648 2630 exhibent
1673 2564 1854 2646 distichon,
1883 2565 1971 2650 quod

383 2693 445 2757 per
466 2692 503 2738 se
529 2673 701 2756 integrum
728 2673 936 2757 epigramma
962 2693 1037 2739 6666
1062 2681 1184 2758 potest
1227 2673 1306 2740 Jam
1330 2671 1567 2740 Schneidewin
1589 2673 1703 2740 docuit
1723 2677 1844 2742 miram
1865 2677 1970 2742 inter·

383 2782 500 2848 cedere
514 2783 604 2848 inter
624 2781 772 2867 primum
787 2782 955 2850 distichon
977 2784 1171 2866 etreliqua,
1194 2804 1278 2867 quae
1301 2804 1387 2849 unus
1403 2782 1571 2851 Aristides
1594 2783 1738 2862 exhibet,
1760 2785 1969 2852 dissimilitu-

384 2891 509 2972 dinom;
537 2892 597 2958 sed
623 2913 691 2959 non
719 2893 874 2960 omnibus
895 2892 1030 2960 videtur
1057 2894 1273 2978 persuasisse.
1316 2893 1403 2960 Mihi
1424 2896 1606 2979 persuasit,
1628 2902 1728 2978 atque
1749 2895 1814 2962 hoc
1836 2895 1971 2964 addide-

383 3004 461 3068 rim:
484 3002 570 3070 Post
590 3004 793 3089 gravissima
813 3005 896 3070 haec
918 3005 1022 3072 verba
1046 3003 1131 3083 „Hic
1158 3003 1284 3088 sepulti
1305 3024 1436 3080 sumus,
1463 3011 1642 3088 postquam
1663 3013 1770 3070 totam
1792 3004 1970 3073 Graeciam
2072 2987 2080 3010 ’

384 3112 420 3177 16
447 3136 578 3180 summo
611 3114 803 3182 discrimine
829 3123 1022 3182 versantem
1050 3115 1262 3181 servavimus
1295 3113 1409 3198 largiti
1440 3116 1569 3179 animas
1597 3116 1752 3182 nostras”
1784 3115 1971 3201 posthaec

272 3215 279 3228 ’
385 3224 497 3303 verba,
519 3225 667 3310 inquam,
690 3245 949 3292 commemorare
963 3226 1061 3303 mala,
1085 3247 1169 3309 quae
1183 3225 1235 3290 illi
1254 3224 1433 3290 intulerint
1446 3225 1572 3303 Persis,
1594 3226 1755 3310 pusillum
1777 3226 1911 3295 videtur
1933 3248 1971 3292 ac

408 3354 491 3400 sene
513 3333 699 3402 ridiculum.

385 3355 406 3418 p
486 3445 613 3513 Parum
641 3456 768 3525 tamen,
797 3448 826 3514 si
854 3447 895 3514 de
922 3454 1058 3515 auctore
1085 3447 1365 3533 epigrammatum
1392 3447 1577 3531 queantur,
1609 3447 1679 3515 illis
1707 3448 1971 3517 dubitationibus
2006 3523 2014 3534 g

280 3549 284 3556 ’
385 3555 466 3621 66116
489 3558 654 3641 (exceptis
676 3558 740 3636 eis,
768 3578 854 3643 quae
879 3559 914 3622 in
941 3577 1035 3643 pron.
1058 3557 1146 3630 οὗτος
1171 3558 1340 3640 nituntur)
1368 3559 1527 3637 efficitur,
1555 3559 1712 3643 quoniam
1737 3560 1971 3627 emendatione

385 3687 444 3733 ese
471 3674 615 3751 possunt
641 3668 855 3735 summoveri.
906 3665 1097 3734 Videndum
1124 3676 1237 3734 autem
1264 3670 1341 3747 erit,
1373 3691 1456 3735 num
1482 3690 1523 3735 ea
1549 3691 1680 3754 quoque
1706 3668 1869 3738 dubitatio
1896 3671 1971 3737 tolli

384 3778 500 3862 possit,
523 3798 607 3862 quae
630 3778 673 3844 ad
694 3786 815 3845 cuncta
836 3780 1078 3864 epigrammata
1099 3779 1255 3863 pertinet.
1298 3777 1433 3865 Scripta
1459 3781 1563 3864 igitur
1585 3786 1698 3847 omnia
1719 3780 1862 3847 suntad
1883 3781 1970 3848 ocle-

339 3901 356 3984 11
384 3888 529 3956 brandus
558 3889 810 3956 Corinthiorum
840 3890 956 3956 laudes
988 3897 1102 3974 partas
1129 3890 1311 3958 Persarum
1339 3891 1447 3958 bellis.
1495 3891 1544 3957 At
1571 3913 1621 3976 ep.
1646 3891 1706 3956 101
1735 3891 1848 3975 (Οὗτος
1869 3891 1970 3958 ’Atar-

328 4023 336 4038 ‚
386 4002 513 4085 μάντου)
535 4001 715 4067 manifesto
737 4010 866 4087 pugnat
881 4023 956 4068 curn
977 4001 1042 4067 fide
1063 4001 1233 4079 historiae,
1257 4004 1351 4087 cujus
1370 4002 1469 4068 testis
1488 4002 1783 4086 locupletissimus,
1806 4010 1970 4089 quatenus

348 4123 353 4132 '
384 4111 426 4177 de
448 4111 548 4179 rebus
563 4112 675 4197 agitur
688 4113 873 4179 Persarum
894 4111 981 4178 hello
1004 4114 1118 4197 gestis,
1142 4113 1290 4178 omnium
1306 4112 1376 4180 fero
1391 4134 1557 4182 consensu
1573 4112 1766 4179 Herodotus
1783 4111 1969 4195 judicatur;

385 4223 415 4289 is
444 4230 557 4289 autem
583 4223 697 4311 prodit
724 4221 885 4309 (LVIII,
914 4223 956 4286 59
978 4222 1105 4305 6161),
1128 4222 1348 4290 Adimantum
1371 4223 1584 4290 Corinthium
1613 4244 1714 4309 quam
1739 4222 1886 4290 maxime
1913 4221 1970 4288 ad·

386 4343 557 4403 versatum
584 4355 657 4402 esse
685 4333 904 4404 Themistocli
931 4333 1018 4420 apud
1047 4333 1253 4402 Salaminem
1280 4336 1459 4420 confligere
1487 4335 1648 4420 cupienti,
1676 4333 1796 4404 deinde
1824 4338 1888 4418 (cp.
1914 4335 1971 4416 94)

386 4466 562 4513 eumcum
584 4446 726 4513 navibus
749 4445 1001 4512 Corinthiorum
1028 4467 1046 4512 e
1068 4468 1182 4532 pugna
1207 4447 1342 4531 fugisse.
1385 4445 1503 4530 Neque
1529 4447 1642 4513 minus
1668 4453 1786 4512 contra
1807 4444 1971 4511 Herodoti

386 4557 611 4624 narrationem
634 4556 722 4623 idem
745 4554 937 4623 Simonides
958 4557 1080 4624 dicitur
1095 4557 1346 4625 Corinthiorum
1368 4578 1423 4623 res
1442 4557 1529 4643 apud
1552 4557 1708 4623 Plataeas
1731 4563 1843 4639 gestas
1865 4553 1973 4637 elegia

281 4741 286 4748 ‚
386 4667 582 4743 celebrasse,
605 4689 704 4751 quarn
727 4668 868 4754 elegiam
892 4668 1070 4751 (Pseudo)
1093 4670 1297 4737 Plutarchus
1320 4669 1411 4751 (ibid.
1434 4689 1484 4754 cp.
1507 4668 1562 4750 42)
1586 4668 1783 4734 nominatim
1807 4663 1972 4731 Simonidi

385 4776 568 4844 tribuiter
591 4798 631 4859 ea
652 4778 856 4880 hosxversus
878 4780 1035 4846 afferens:
