4542 5617
946 443 1273 520 „27-

316 651 426 726 cessit,
450 674 510 716 aon
531 652 632 737 ipram
653 670 770 737 qaoque
792 649 835 711 cd
849 646 1115 733 Eurymedontem,
1139 646 1198 713 scd
1212 646 1255 712 ad
1276 646 1412 735 Cyprum
1427 652 1507 734 (περὶ
1521 651 1574 734 τὴν
1590 647 1725 735 Κύπρον)
1749 652 1905 718 commis·

316 783 388 827 sam
411 783 485 827 esse
508 760 618 826 tradit.

413 872 508 956 Quae
520 894 597 940 cum
607 871 655 938 ita
667 871 744 946 sint,
759 869 961 954 interpretes
974 876 1113 936 censent
1127 869 1306 935 lectionem
1323 870 1353 934 ἐν
1367 868 1480 957 Κύπρῳ
1493 870 1529 935 in
1541 873 1605 936 v.5
1621 872 1700 937 ferri
1712 895 1780 938 non
1794 896 1903 958 posse,
2016 909 2025 926 ·

315 985 471 1069 quoniam
485 984 522 1052 in
538 982 650 1068 Cypro
666 980 830 1066 pedestris
845 1000 960 1064 pugna
973 1002 1042 1046 non
1057 980 1103 1045 sit
1117 981 1304 1046 commissa.
1335 980 1389 1045 Ita
1405 980 1574 1064 Bergkius
1590 982 1750 1049 Aristidis
1765 986 1903 1069 ejusque

315 1095 514 1164 scholiastae
525 1094 668 1161 lectione
680 1094 710 1157 ἐν
722 1093 794 1176 γαίῃ
807 1098 942 1176 recepta
954 1089 1056 1174 (quod
1068 1097 1146 1157 ante
1159 1092 1377 1175 eumKrcger
1388 1091 1477 1168 fecit,
1490 1092 1739 1177 Historphilol.
1748 1092 1903 1178 Studien)

314 1205 405 1274 addit
420 1204 462 1271 de
474 1205 592 1290 partic.
609 1206 774 1282 ὀλέσαντες,
798 1203 834 1270 in
850 1224 915 1287 quo
932 1210 1030 1266 antea
1044 1202 1239 1278 offenderat,
1260 1202 1356 1268 haec:
1382 1202 1493 1281 „Cave
1508 1204 1724 1288 participium
1739 1206 1903 1290 interpre-

314 1318 397 1383 teris
417 1316 521 1382 latino
542 1316 704 1382 vocabulo
719 1326 898 1402 postquam
924 1322 977 1378 est
996 1313 1086 1380 enirn
1110 1312 1197 1378 nihil
1216 1312 1308 1379 aliud
1334 1335 1433 1397 quam
1455 1293 1571 1381 diseat
1592 1317 1642 1379 καὶ
1663 1316 1770 1380 εἶλον.”
1810 1317 1905 1383 Dicit

314 1427 447 1513 quidem
469 1428 542 1513 ipse
569 1428 735 1511 proelium
756 1425 876 1490 navale
900 1433 976 1489 autc
1003 1422 1158 1507 pedestre
1180 1425 1394 1490 commissum
1420 1447 1510 1502 esse,
1539 1425 1598 1492 sed
1624 1426 1760 1493 licuisse
1789 1436 1903 1495 censet

314 1548 432 1625 poetae
455 1538 605 1605 ordinem
627 1559 740 1603 rerum
762 1544 932 1621 gestarum
955 1535 1139 1612 invertere,
1169 1556 1244 1600 cum
1266 1536 1323 1601 vel
1345 1557 1457 1602 rerum
1480 1536 1661 1621 scriptores
1685 1545 1719 1603 ct
1742 1546 1901 1615 oratores,

314 1651 434 1736 quibus
455 1673 525 1718 non
546 1650 592 1716 sit
614 1649 729 1717 eadem
745 1648 844 1714 venia
866 1669 1031 1726 concessa,
1055 1649 1177 1732 ὕστερον
1192 1646 1334 1732 πρότερον
1358 1646 1558 1713 admiserint
1578 1647 1679 1732 plane
1694 1647 1736 1713 ad
1759 1648 1902 1714 eundem

314 1762 459 1830 modum.
501 1761 663 1846 Appellat
685 1781 761 1828 eum
783 1780 882 1842 quem
906 1780 1008 1843 supra
1030 1759 1364 1826 commemoravimus
1387 1757 1593 1844 Thucydidis
1621 1759 1731 1824 locum
1754 1758 1800 1840 (I,
1824 1759 1901 1843 100)

314 1883 348 1941 et
361 1872 514 1960 Lycurgi
529 1870 637 1953 (Orat
653 1872 688 1936 iu
703 1871 857 1936 Leocrat.
873 1869 915 1934 72
938 1870 981 1935 ἐπ’
1002 1868 1206 1956 Εὐρυμέδοντι
1228 1872 1261 1935 δὲ
1276 1872 1325 1934 καὶ
1340 1874 1584 1955 σεζοραχοῦκτες
1605 1871 1655 1933 καὶ
1677 1876 1902 1955 ναυμαχοῦντες

314 1986 465 2069 ἐνίκησαν)
489 1991 524 2049 et
544 1981 685 2050 Diodori
708 1981 786 2068 (XI,
808 1980 849 2046 61
873 1981 1054 2068 νενικηκότας
1078 1981 1130 2047 δύο
1153 1982 1311 2051 καλλίστας
1333 1982 1427 2058 νίκας,
1450 1982 1504 2065 τὴν
1527 1982 1580 2064 μὲν
1602 1981 1679 2047 κατὰ
1700 1985 1770 2065 γῆν,
1793 1982 1846 2066 τὴν
1869 1984 1902 2045 δὲ

315 2096 392 2162 κατὰ
420 2093 595 2176 θάλασσαν).
643 2091 734 2158 Addi
766 2100 909 2176 possunt
941 2101 1116 2178 poetarum
1142 2093 1257 2177 plures
1285 2092 1363 2168 loci,
1392 2091 1500 2157 velati
1527 2113 1570 2157 ex
1597 2091 1748 2177 ep.105‚
1776 2092 1833 2158 ubi
1861 2092 1902 2157 de

314 2205 432 2274 eadem
453 2205 594 2302 victoria
616 2204 780 2288 scriptum
802 2210 855 2268 cst
877 2204 964 2278 πεζοί
978 2191 1016 2268 ’τέ
1037 2206 1086 2268 καὶ
1110 2202 1275 2287 ὠκυπόρων
1298 2204 1346 2268 ἐπὶ
1369 2209 1459 2287 νηῶν,
1483 2202 1539 2268 vcl
1556 2202 1628 2281 107,
1653 2226 1683 2267 v.
1698 2203 1728 2279 5,
1751 2202 1809 2268 ubi
1824 2203 1899 2288 My·

313 2319 460 2400 calaeam
482 2323 560 2383 ante
583 2314 804 2383 Salaminiam
825 2336 973 2401 pugnam
995 2316 1141 2400 positam
1163 2314 1329 2390 videmus,
1352 2321 1451 2397 atque
1473 2314 1551 2398 jure
1574 2334 1708 2380 causam
1730 2313 1900 2399 Bergkius

313 2429 436 2514 repetit
462 2450 504 2494 ex
532 2428 655 2496 usitato
682 2428 740 2493 illo
768 2429 843 2493 κατὰ
870 2431 925 2511 γῆν
952 2425 1108 2491 καὶκατὰ
1135 2425 1298 2489 θάλατταν.
1347 2425 1476 2516 Tamen
1507 2424 1626 2490 hcmm
1653 2425 1804 2491 locorum
1830 2448 1899 2494 ncn

313 2539 429 2606 eadem
451 2546 551 2622 atque
572 2538 664 2604 illius
688 2545 745 2620 (ex
760 2559 811 2623 ep.
828 2536 903 2620 142)
927 2545 980 2602 est
1001 2535 1160 2601 condicio.
1197 2536 1263 2602 Hic
1280 2535 1369 2600 enim
1392 2535 1592 2620 copulativis
1608 2536 1899 2620 conjunctionibus

312 2652 378 2730 καί,
400 2674 497 2715 τε-
519 2650 584 2728 καί,
612 2652 725 2714 καί-
747 2650 813 2727 καί,
843 2650 895 2732 μέν
918 2686 960 2697 -
984 2649 1031 2726 δέ,
1060 2647 1154 2712 nulla
1180 2646 1329 2713 adhibita
1356 2648 1517 2733 temporis
1545 2647 1804 2733 significatione,
1836 2649 1899 2716 hoc

313 2769 444 2832 tantum
470 2763 629 2838 refertur,
663 2781 748 2844 quae
778 2768 894 2845 partae
926 2762 995 2826 sint
1022 2758 1199 2836 victoriae,
1226 2780 1295 2825 non
1332 2780 1397 2842 qno
1425 2758 1586 2843 temporis
1615 2758 1743 2838 crdiue;
1777 2759 1837 2826 sed
1862 2760 1898 2826 in
1926 2788 1940 2830 r.

313 2895 363 2959 ep
379 2871 441 2938 142
463 2873 579 2938 nometi
600 2872 762 2957 temporis
784 2871 960 2957 participio
982 2892 1050 2936 non
1073 2871 1254 2956 significari
1271 2874 1411 2960 priorem
1426 2872 1591 2937 actionem
1613 2871 1803 2955 negandam
1826 2872 1898 2938 erit
1923 2867 1938 2944 ἵ,

312 2984 389 3052 Non
401 2991 454 3051 est
465 2985 692 3050 necessarium
703 2983 803 3050 altius
815 2983 851 3049 in
862 3005 936 3048 eam
951 2983 1181 3067 quaestionem
1196 2983 1447 3068 grammaticam
1462 2989 1648 3066 penetrare,
1664 2982 1821 3066 quoniam
1832 2981 1898 3050 ista
1920 3039 1923 3048 .

311 3095 588 3180 interpretatione
615 3104 694 3161 nata
721 3103 773 3160 est
799 3093 906 3161 altera
932 3094 1124 3172 difficultas,
1152 3115 1237 3177 quae
1263 3116 1344 3159 num
1367 3093 1519 3177 superari
1545 3093 1654 3178 possit
1679 3093 1925 3160 vehementer⁴

310 3206 508 3272 dubitamus.
544 3206 633 3273 Nam
654 3206 685 3274 si
706 3207 782 3273 illos
806 3207 985 3290 sequimur,
1006 3205 1138 3272 navalis
1160 3226 1292 3291 pugnae
1314 3205 1476 3271 memoria
1498 3204 1606 3270 omnis
1622 3206 1814 3270 continetur
1835 3204 1921 3270 hac·

307 3340 354 3394 re,
377 3317 467 3401 quod
487 3326 621 3384 centnm
643 3338 747 3384 naves
771 3325 887 3402 captae
909 3316 1079 3397 dicuntur;
1101 3317 1306 3401 reliquarum
1322 3325 1466 3393 centum,
1489 3337 1574 3400 quae
1588 3336 1702 3401 pugna
1716 3315 1896 3382 afflictatae

307 3427 544 3511 demersaeque
567 3435 655 3504 sunt,
678 3427 772 3493 nulla
792 3429 831 3493 fit
853 3428 980 3493 mentio
1004 3426 1068 3510 (Os.
1086 3427 1201 3505 Grote,
1224 3428 1321 3494 Rerr.
1336 3449 1461 3511 graeco.
1484 3427 1560 3493 hist
1582 3426 1631 3493 ed.
1646 3427 1816 3493 Meissner
1829 3425 1895 3503 III,

304 3562 337 3625 p.
364 3538 453 3625 240).
509 3537 572 3606 cui
611 3537 661 3604 rei
693 3560 762 3603 non
795 3538 928 3604 obstare
960 3538 1165 3623 Thucydidis
1198 3540 1428 3604 testimonium
1460 3561 1528 3606 non
1560 3538 1659 3603 facile
1692 3557 1895 3621 quemquam

307 3649 458 3735 Bergkio
479 3670 715 3716 concessurum
738 3670 812 3715 esse
835 3650 1042 3733 speraverim
1065 3648 1182 3730 (Thuc.
1198 3648 1224 3724 1,
1249 3649 1324 3728 100;
1347 3651 1396 3715 καὶ
1420 3651 1500 3714 εἶλον
1522 3649 1652 3734 τριήρεις
1674 3650 1822 3713 Φοινίκιον
1845 3650 1894 3714 καλ

309 3761 479 3848 διέφθειραν
494 3761 548 3830 τὰς
562 3763 657 3830 παίσας
672 3761 702 3830 ἐς
718 3761 893 3844 διακοσίας).
938 3759 1032 3825 Dicit
1053 3760 1157 3844 igitur
1179 3760 1357 3845 Bergkius,
1380 3783 1441 3848 per
1463 3783 1499 3827 se
1521 3769 1786 3828 consentaneum
1809 3782 1894 3838 esse,

310 3892 386 3936 cum
408 3869 616 3937 Phoenissae
644 3891 748 3938 naves
776 3878 910 3938 centum
937 3877 1053 3955 captae
1079 3871 1219 3949 fuerint,
1248 3871 1390 3938 Cilicum
1419 3881 1454 3938 et
1476 3872 1676 3958 Cypriorum
1698 3893 1803 3938 naves
1825 3893 1894 3936 non

311 4002 427 4047 omnes
450 3982 561 4048 salvas
583 3982 798 4065 integrasque
821 3979 1022 4062 discessisse,
1047 4003 1085 4047 ac
1106 3991 1321 4066 praetereas,
1343 4004 1426 4066 quas
1449 3984 1599 4069 ceperint
1614 3982 1746 4058 Graeci,
1769 3982 1893 4047 multas

250 4143 252 4152 .
309 4114 383 4160 esse
404 4091 582 4160 demersas.
626 4092 667 4159 Id
689 4100 924 4177 argumentum
946 4114 1046 4178 quam
1069 4093 1114 4158 sit
1135 4094 1321 4171 infirmum,
1345 4094 1426 4160 adeo
1449 4117 1510 4180 per
1531 4117 1567 4162 se
1590 4101 1692 4180 patet,
1714 4101 1753 4162 ut
1774 4113 1892 4176 capere

310 4227 414 4272 naves
441 4227 484 4269 an
516 4204 627 4274 delere
655 4204 689 4268 in
723 4225 836 4289 pugna
867 4224 1027 4288 quaerero
1053 4206 1159 4271 nolim
1185 4206 1303 4290 majori
1331 4206 1418 4290 apud
1447 4206 1597 4273 Graecos
1624 4206 1728 4272 fuerit
1760 4203 1892 4282 honori;

310 4317 392 4382 satis
414 4315 520 4381 habeo
543 4316 606 4380 hoc
627 4337 732 4380 unum
755 4335 1027 4381 commemorare:
1056 4317 1085 4380 si
1107 4325 1178 4382 tam
1200 4325 1461 4383 consentaneum
1488 4318 1570 4383 illud
1593 4317 1669 4392 fuit,
1696 4325 1736 4381 ut
1757 4316 1892 4382 silentio

308 4429 491 4512 praeterire
512 4435 632 4512 poetae
652 4426 779 4502 liceret,
802 4448 861 4512 cur
883 4434 996 4492 tamen
1018 4448 1085 4492 non
1109 4448 1391 4511 supervacaneam
1407 4450 1481 4495 esse
1503 4428 1731 4495 demerserum
1754 4428 1892 4493 navium

308 4539 657 4605 commemorationem
680 4560 781 4602 omnes
806 4558 919 4603 rerum
947 4539 1127 4622 scriptores
1151 4547 1366 4615 censuerunt,
1394 4561 1437 4604 ne
1460 4538 1654 4623 Thucydide
1677 4538 1809 4622 quidem
1832 4560 1891 4603 cx·

307 4657 417 4732 cepto,
452 4650 605 4733 quamvis
636 4647 787 4715 breviter
814 4669 852 4713 nc
885 4648 1077 4713 summatim
1103 4671 1160 4714 cas
1188 4671 1243 4715 res
1270 4652 1448 4716 namante?
1493 4649 1594 4732 Quia,
1623 4648 1734 4726 credo,
1762 4648 1795 4713 id
1822 4669 1890 4713 non

308 4761 419 4827 minus
446 4783 548 4847 grave
576 4761 617 4826 ad
644 4762 837 4828 universam
866 4757 1041 4826 victoriam
1066 4768 1157 4828 recte
1184 4759 1425 4826 aestimandam
1452 4762 1623 4846 putabant.
1668 4765 1718 4826 Ac
1739 4782 1806 4827 non
1828 4765 1890 4838 est,

1650 4891 1686 4945 4.
