4542 5617
933 493 1258 570 ,23-

303 698 433 784 spicere
456 717 523 764 non
544 696 713 783 possimus
737 697 849 779 (Pind.
870 697 927 762 Fr.
950 695 1014 762 278
1036 696 1086 763 ed.
1108 695 1242 763 Btckh.
1266 695 1458 780 ξεινοδόκηαό
1478 720 1511 760 τε
1533 698 1671 780 δαίμων),
1694 696 1802 761 altero
1824 695 1898 759 loco

303 807 417 892 (Horra
445 807 506 875 Od.
535 829 567 887 c,
595 809 638 874 63
665 807 832 879 ξεινοδόκος
860 808 911 892 μὲν
939 807 1028 893 ἐγώ),
1056 806 1142 872 nihil
1168 806 1384 892 impedimur,
1418 807 1596 891 quominus
1627 806 1795 878 ξεινοδόκον
1823 826 1897 871 csse

305 939 426 985 coenae
448 918 620 986 dominum
641 918 886 1003 intellegamus.
930 917 1078 997 Accedit,
1102 918 1190 1003 quod
1212 917 1300 1004 apud
1322 918 1469 1002 reliquos
1492 919 1549 1003 qui
1571 919 1668 984 illum
1690 917 1895 985 versiculum

305 1030 466 1098 exhibent
487 1031 541 1113 (ci
563 1028 688 1115 Bergk.
711 1029 753 1096 ad
775 1030 814 1096 ir.
836 1029 903 1112 84),
925 1051 994 1096 non
1017 1027 1197 1107 Simonidi,
1221 1029 1281 1096 sed
1302 1028 1450 1095 Pindaro
1472 1030 1530 1096 ille
1553 1029 1723 1096 tribuitur.
1767 1027 1896 1094 Dicunt

305 1141 439 1224 quidem
460 1142 679 1226 interpretes,
700 1140 735 1206 id
757 1162 818 1226 per
839 1162 986 1207 errorem
1009 1162 1085 1208 esse
1106 1143 1246 1218 factum,
1273 1163 1426 1224 unusque
1448 1140 1625 1209 Bbckhius
1648 1162 1796 1207 errorem
1819 1161 1895 1206 con-

304 1253 411 1319 vincit
438 1251 560 1319 docens
588 1274 725 1322 versum
752 1273 827 1319 esse
853 1252 1087 1319 hexametrum
1113 1253 1284 1319 heroicum
1313 1254 1426 1337 itaque
1452 1273 1523 1319 non
1549 1260 1641 1317 recte
1669 1251 1735 1318 dici
1756 1250 1895 1317 Pindari

305 1385 388 1430 esse.
432 1363 639 1432 Hexameter
666 1385 747 1430 saue
773 1363 838 1431 iste
865 1385 984 1431 versus
1013 1371 1065 1430 est
1092 1364 1181 1449 apud
1208 1362 1426 1448 Apollonium
1456 1362 1648 1446 (emendata
1675 1372 1787 1428 tamen
1815 1383 1897 1428 voca

306 1473 453 1560 ἄριστος),
481 1474 570 1562 apud
596 1474 673 1544 illos
701 1481 828 1552 autem,
857 1475 915 1558 qui
935 1473 1085 1541 Pindaro
1112 1494 1190 1540 eum
1218 1474 1373 1540 tribuunt
1399 1473 1508 1557 (velut
1529 1475 1646 1558 Etym.
1669 1474 1742 1557 Mu,
1769 1473 1818 1540 sic
1845 1480 1898 1540 est
1999 1557 2006 1568 ι

307 1585 462 1652 traditus:
486 1583 676 1652 Ξεινοδόκων
688 1585 713 1649 δ’
730 1585 849 1673 ἄριστος
869 1587 982 1671 χροσδς
997 1587 1028 1651 ἐν
1045 1586 1286 1670 acceptaturus
1314 1585 1448 1665 (Zonar.
1464 1584 1656 1670 ξενοδόκιον),
1679 1584 1800 1667 quibus
1824 1606 1899 1652 ver·
1954 1631 1977 1670 g

307 1696 487 1762 bisetium
506 1696 573 1760 alia
593 1703 703 1762 metra
723 1702 867 1780 possunt
888 1695 1140 1763 accommodari.
1183 1696 1344 1779 Denique
1367 1716 1443 1761 cum
1471 1694 1628 1761 hocloco
1651 1696 1753 1761 etiam
1775 1697 1900 1762 usitata
1951 1661 2020 1740 Q

308 1806 402 1873 uocis
425 1804 601 1880 ξεινοδόκον
629 1805 829 1889 significatio
856 1806 1009 1892 intellegi
1034 1806 1144 1892 possit
1171 1808 1259 1888 („est
1286 1807 1336 1872 sol
1364 1806 1543 1890 hospitum
1570 1805 1748 1889 optimus''‚
1777 1807 1900 1892 quippe

307 1917 365 2000 qui
391 1917 501 1982 lucem
527 1915 682 1983 omnibus
709 1906 902 2001 largiatur),
929 1939 972 1983 ne
999 1939 1042 1983 ex
1069 1918 1132 1984 hac
1159 1916 1294 2000 quidem
1321 1925 1417 2000 parte
1445 1923 1511 1994 est,
1539 1915 1628 1998 qnod
1654 1938 1730 1981 eum
1758 1937 1895 1983 versum

306 2027 424 2110 utique
446 2041 642 2114 censeamus
665 2027 792 2111 elegiae
814 2029 1003 2110 fragmento
1026 2026 1245 2093 asserendum
1267 2047 1349 2094 essa.

412 2135 480 2203 Sed
502 2146 542 2203 ut
563 2137 609 2203 sit
629 2137 855 2221 fragmentum
871 2135 1065 2215 Simonidis,
1088 2145 1228 2223 apparet
1248 2135 1334 2203 illud
1355 2158 1422 2203 noa
1438 2145 1507 2201 tam
1529 2157 1680 2221 pugnare
1695 2158 1771 2202 cum
1793 2138 1895 2204 rebus

308 2246 350 2314 ab
364 2246 536 2314 Herodoto
555 2245 698 2324 traditis,
721 2269 820 2331 quam
836 2248 1087 2332 epigrammata
1103 2248 1260 2331 quoniam
1276 2249 1393 2314 inanes
1414 2268 1515 2313 sonos
1535 2248 1681 2325 exhibet,
1704 2270 1758 2314 res
1778 2249 1897 2315 nullas.

309 2357 403 2423 Haeo
425 2357 515 2423 enim
542 2356 712 2424 dicuntur:
743 2357 956 2434 „Corinthios
985 2378 1099 2423 rerum
1127 2359 1260 2441 egregia
1287 2364 1457 2441 gestarum
1484 2365 1606 2423 testam
1633 2358 1755 2424 habere
1782 2360 1896 2437 solem,

309 2476 409 2551 atque
430 2467 518 2534 hunc
541 2475 577 2536 et
596 2468 747 2552 ipsorum
763 2475 799 2534 et
814 2470 980 2558 maiorum
994 2467 1119 2533 famam
1133 2468 1286 2552 angerc‘';
1309 2468 1352 2534 ad
1366 2468 1453 2553 quod
1463 2470 1536 2553 jam
1550 2468 1683 2535 additur
1697 2490 1741 2535 ex
1755 2469 1895 2555 Bergkii

309 2580 513 2663 coniectura:
538 2578 609 2658 ,sol
630 2580 721 2644 enim
742 2579 881 2644 testium
903 2588 956 2644 est
976 2579 1154 2663 optimus”.
1191 2580 1300 2645 Docet
1321 2577 1557 2646 Schneidewin
1580 2583 1647 2664 (pg.
1662 2579 1719 2664 83)
1742 2581 1795 2646 his
1817 2602 1895 2646 rer·

309 2689 360 2756 bis
382 2692 465 2758 satis
487 2690 678 2775 significare
699 2698 833 2775 poetam
855 2691 975 2775 ipsum,
999 2712 1070 2756 uon
1095 2691 1284 2756 consentire
1306 2689 1347 2756 dc
1369 2689 1478 2774 gloria
1500 2689 1751 2757 Corinthiorum
1769 2692 1897 2775 judicia

308 2800 496 2878 hominum,
529 2820 603 2867 cnm
631 2802 755 2885 spretis
786 2799 984 2866 mortalibus
1012 2800 1054 2866 ad
1084 2821 1190 2865 unum
1217 2801 1364 2866 maxime
1392 2798 1521 2877 Solem,
1550 2801 1582 2871 ὃς
1608 2800 1693 2865 πάντ’
1721 2802 1819 2887 ἐφορᾷ
1845 2804 1896 2866 καὶ

307 2911 390 2978 πάντ’
413 2910 564 2990 ἐπακούει,
586 2910 888 2996 locupletissimum
904 2910 1155 2977 Corinthiorum
1177 2911 1314 2978 virtutis
1336 2918 1458 2977 testem
1481 2921 1649 2995 provocet
1665 2949 1706 2959 -
1728 2901 1895 2994 Equidem

308 3021 436 3100 nescio,
464 3021 629 3106 quomodo
655 3021 742 3089 tales
769 3042 889 3089 versus
915 3042 985 3087 non
1012 3021 1243 3088 cavillationes
1271 3022 1508 3106 potiusquam
1540 3020 1656 3088 laudes
1684 3021 1896 3122 interpreter,

309 3141 409 3216 atque
431 3132 513 3200 hoco
534 3154 603 3199 una
624 3133 707 3200 mihi
730 3154 767 3199 se
782 3134 882 3198 offert
902 3131 997 3211 ratio,
1020 3152 1086 3215 qua
1101 3131 1267 3199 Simonidi
1282 3153 1340 3199 eos
1359 3132 1507 3200 tribuere
1530 3131 1707 3225 possimus,
1731 3152 1769 3197 ao
1784 3139 1898 3197 tamen
1993 3140 1998 3151 '

311 3242 455 3309 condem
469 3264 538 3311 uon
551 3244 696 3310 ludibrio
712 3243 851 3312 habere:
873 3243 902 3308 si
918 3243 1110 3322 conicimus,
1131 3244 1260 3309 volabro
1273 3249 1407 3329 poetam
1422 3243 1608 3327 legentium
1622 3244 1729 3309 risum
1744 3244 1900 3310 excitare.

312 3353 486 3421 'lraditum
518 3355 608 3422 enim
640 3361 694 3422 est
724 3353 812 3439 apud
838 3353 1011 3420 Plutarch.
1038 3353 1223 3436 (Themist.
1250 3377 1299 3439 ep.
1321 3355 1369 3437 V)
1402 3353 1663 3420 Themistoclem
1697 3375 1757 3439 per
1784 3357 1899 3439 jocum

312 3464 567 3550 reprehendisse
590 3463 812 3542 Simonidem,
841 3463 928 3547 quod
957 3463 1142 3531 Corinthiis
1170 3466 1429 3545 conviciaretur3
1460 3464 1576 3531 licebit
1601 3475 1713 3531 autem
1741 3464 1902 3543 dubitare,

313 3597 393 3642 num
421 3582 558 3661 propter
584 3576 669 3644 illud
696 3575 806 3642 solum
827 3571 1001 3660 Κορινθίοις
1023 3575 1086 3640 δὀὐ
1111 3576 1260 3663 ρέρρετοι
1281 3578 1317 3640 τδ
1339 3575 1431 3643 Ἴλιον
1454 3573 1621 3643 Simonidi
1648 3580 1901 3643 succensuerint

314 3685 482 3753 Corinthii
510 3686 575 3768 (Si
597 3686 721 3772 Bergk.
744 3687 783 3753 ir.
805 3686 873 3771 hd).
917 3687 993 3769 Age
1020 3707 1116 3765 vero,
1149 3709 1231 3753 num
1263 3687 1315 3752 illi
1349 3688 1476 3771 elegiae
1502 3710 1637 3765 versus,
1655 3688 1729 3771 .qui
1756 3686 1902 3771 speciem

314 3806 449 3882 apertae
474 3797 583 3866 laudis
606 3819 686 3882 prae
713 3818 749 3866 se
775 3797 902 3874 ierunt,
929 3805 1037 3863 tectae
1064 3797 1288 3863 cavillationis
1319 3796 1400 3862 adeo
1428 3804 1509 3864 suut
1534 3797 1736 3865 dissimiles?
1781 3793 1820 3862 Si
1847 3796 1901 3861 cui

314 3908 400 3973 iorte
421 3907 568 3976 alienum
590 3909 745 3976 videatur
766 3928 823 3973 eas
849 3928 957 3992 nugas
983 3908 1096 3994 cleptat
1116 3908 1264 3974 intextas
1285 3929 1373 3984 esse,
1401 3909 1515 3974 nescio
1541 3929 1584 3973 an
1610 3929 1685 3974 eum
1711 3905 1898 3990 aliquorum
1937 3949 1944 4014 ρ

313 4017 455 4085 Pindari
479 4020 665 4086 carminum
690 4018 900 4095 admoneam,
935 4018 1052 4102 quiin
1078 4039 1209 4084 summa
1239 4020 1406 4102 gravitate
1433 4040 1501 4085 non
1535 4017 1666 4084 dubitat
1692 4018 1727 4083 in
1754 4017 1900 4082 bansitu

305 4130 433 4197 acerbe
460 4131 613 4196 inimicos
640 4131 867 4216 perstringere
889 4127 956 4212 (Ol
975 4128 1026 4204 Π,
1052 4136 1110 4195 str.
1130 4153 1156 4206 a,
1176 4129 1277 4213 Pytb.
1300 4128 1345 4195 Π.
1369 4139 1427 4194 str.
1445 4135 1487 4214 γ).
1531 4127 1600 4194 Sed
1626 4149 1695 4194 uon
1722 4126 1899 4193 admodum

315 4251 444 4309 certum
469 4240 552 4307 mihi
578 4239 726 4319 videtur,
753 4241 960 4326 propositam
982 4240 1078 4306 nobis
1106 4260 1181 4306 esse
1202 4240 1314 4325 elegiae
1334 4239 1547 4325 particulam,
1574 4238 1728 4322 quamvis
1755 4237 1901 4303 affirmet

309 4351 498 4436 ¹(Pseuda)
512 4351 725 4417 Plutarchus.
755 4352 842 4418 Nam
857 4371 933 4417 oum
948 4352 983 4416 in
1007 4351 1123 4417 eodem
1145 4350 1259 4417 libello
1283 4354 1347 4436 (op.
1362 4350 1405 4416 36
1419 4349 1606 4435 Δημόκριτος
1620 4349 1716 4433 τρίτος
1729 4348 1808 4435 ἦρχε
1823 4397 1830 4415 .
1845 4399 1853 4415 .
1869 4402 1876 4416 .
1892 4402 1899 4418 .

315 4470 352 4529 at
387 4483 438 4548 cp.
464 4462 507 4528 39
548 4461 691 4547 Αόδδιιδρ
723 4459 881 4528 ’Elisium
904 4511 1033 4529 .....
1044 4469 1057 4546 )
1094 4462 1153 4528 ille
1190 4461 1256 4527 duo
1295 4462 1536 4545 epigrammata
1565 4459 1664 4526 nobis
1694 4468 1733 4525 nt
1769 4462 1902 4546 integra
1971 4539 1974 4546 Ι

316 4573 454 4654 vendat,
486 4594 629 4658 quorum
661 4572 805 4639 alterum
835 4574 969 4640 videtur
1001 4595 1076 4641 esse
1108 4574 1315 4658 epigramma
1351 4572 1507 4637 mutilum
1541 4571 1682 4658 (Bergk
1717 4572 1791 4639 adn.
1815 4572 1901 4653 137),

316 4685 460 4752 alterum
480 4684 646 4770 particula
667 4684 830 4768 longioris
851 4684 993 4770 alicujus
1013 4684 1183 4762 carminis,
1205 4705 1274 4749 non
1297 4681 1547 4767 epigrammatis
1571 4681 1710 4767 (Bergk
1725 4682 1799 4747 adn.
1816 4682 1902 4764 136),

316 4816 357 4866 ea
377 4817 414 4861 re
436 4795 658 4881 cognoscitur,
681 4814 759 4861 eum
772 4816 841 4862 non
855 4815 973 4862 omues
994 4816 1077 4878 quos
1100 4796 1198 4860 affert
1211 4801 1365 4861 veterum
1387 4801 1559 4859 auctorum
1581 4793 1674 4859 locos
1695 4814 1739 4859 er
1760 4794 1901 4876 integris

316 4906 452 4974 illorum
474 4908 677 4975 carminibus
699 4906 856 5008 elegisse,
878 4906 937 4973 sed
963 4907 1105 4973 fortasse
1128 4906 1170 4972 ab
1192 4906 1303 4989 aliquo
1326 4911 1474 4980 auctore,
1501 4904 1558 4989 qui
1579 4905 1653 4990 ipse
1680 4923 1809 4987 quoque
1831 4903 1901 4968 sin-
