4542 5617
346 4693 354 4736 l

1028 481 1352 556 mgr),m

394 690 553 755 tiatarum
575 688 705 756 tumulo
720 688 825 752 fuisse
841 707 891 771 cp.
906 685 949 750 92
965 684 1019 768 (Ὦ
1036 686 1110 765 ξεῖν’,
1127 685 1305 769 ἀγγέλλειν).
1323 724 1362 733 -
1388 685 1456 752 Sed
1470 688 1527 753 vol
1549 708 1637 753 nuuc
1660 687 1826 772 quispiam
1849 688 1983 765 dixerit,

393 799 649 866 demonstrativi
678 799 811 883 generis
840 799 1046 882 epigramma
1073 818 1162 874 csse,
1190 807 1305 862 tamen
1330 796 1421 863 idem
1446 799 1589 864 sortasse
1613 795 1852 865 Simonideunr.
1896 799 1983 865 Nam

392 912 456 977 etsi
479 912 639 976 universa
654 909 839 976 Simonidis
863 910 1105 992 epigrammata
1127 916 1217 974 rccte
1240 907 1397 974 dicantur
1411 931 1511 975 verae
1526 910 1773 996 inscriptiones,
1796 932 1864 975 non
1886 912 1984 978 fictae

392 1022 512 1101 fuisso,
552 1031 664 1087 tamen
702 1028 833 1087 constat
865 1041 935 1088 noo
973 1019 1014 1084 ad
1047 1041 1152 1085 unum
1192 1018 1304 1084 omnia
1341 1019 1446 1085 fuisse
1485 1021 1564 1108 ejus
1595 1022 1744 1105 generis,
1785 1021 1880 1088 velut
1920 1023 1982 1087 mi-

395 1135 485 1199 nime
507 1131 591 1197 illud
613 1133 649 1198 in
672 1131 941 1197 Timocreontem
965 1129 1134 1198 Rhodium
1162 1129 1308 1216 elogium
1330 1130 1393 1196 No.
1417 1130 1492 1208 169,
1520 1140 1620 1215 atque
1649 1133 1760 1215 potuit
1782 1129 1981 1205 Simonides.

396 1253 435 1309 nt
455 1244 537 1310 fecit
558 1244 594 1308 in
615 1242 677 1308 hac
698 1241 826 1308 ludicra
847 1241 1002 1318 materia,
1030 1242 1078 1307 sio
1106 1241 1208 1307 otiam
1235 1241 1270 1305 iu
1294 1241 1382 1307 seria
1403 1241 1576 1326 ingenium
1600 1253 1779 1308 ostentare.
1821 1245 1982 1318 Attamen

396 1377 464 1420 non
497 1375 571 1420 esse
603 1353 808 1439 poematium
840 1350 1037 1430 Simonidis,
1073 1353 1120 1417 sic
1153 1373 1253 1436 posse
1287 1350 1512 1420 demonstrari
1543 1363 1640 1438 puto,
1674 1355 1702 1420 si
1730 1355 1823 1421 valet
1853 1356 1889 1422 in
1920 1355 1983 1421 hac

398 1465 531 1549 quidem
561 1486 598 1530 re
626 1465 815 1532 Pausaniae
844 1464 1032 1529 auotoritas.
1081 1463 1270 1529 Pausanias
1297 1472 1475 1548 postquam
1501 1462 1569 1540 ΙΙΙ,
1597 1464 1619 1529 8
1645 1464 1732 1530 dixit
1758 1465 1799 1531 de
1828 1464 1994 1550 Cymaea,

397 1575 593 1642 Archidami
620 1576 709 1660 regis
743 1575 825 1651 filia,
860 1595 945 1658 quae
971 1573 1132 1660 Olympia
1157 1574 1299 1652 vicerat,
1333 1572 1523 1662 addiditque
1554 1574 1686 1640 minimi
1717 1576 1868 1642 omnium
1893 1597 1982 1642 mor·
2024 1569 2028 1578 “

396 1686 514 1751 talium
542 1683 731 1786 §partiates
758 1684 887 1768 poesim
914 1684 1144 1769 poeticumque
1171 1683 1302 1750 medem
1330 1685 1454 1762 facere,
1488 1686 1536 1752 sio
1567 1686 1689 1776 pergit:
1723 1688 1767 1754 ὅτι
1794 1686 1851 1774 γὰρ
1880 1688 1922 1770 μὴ
1944 1694 1985 1772 τῇ

397 1794 529 1881 Κυνίσκα
560 1797 594 1861 τὸ
628 1796 800 1881 ἐπίγραμμα
833 1795 972 1880 ἐποίησεν
1007 1793 1087 1867 ὅστις
1120 1796 1158 1879 δὴ
1193 1798 1243 1860 καὶ
1280 1795 1423 1882 πρότερον
1456 1795 1612 1881 Παυσανίᾳ
1644 1797 1678 1860 τὸ
1711 1799 1757 1864 ἐπὶ
1788 1804 1834 1884 τῷ
1865 1798 1982 1886 τρίποδι

396 1907 562 1992 Σιμωνίδης
586 1908 756 1972 ἀνατεθέντι
779 1906 823 1976 εἰς
845 1907 991 1993 Δελφούς,
1014 1905 1091 1970 ἄλλο
1114 1931 1148 1992 γε
1169 1906 1252 1992 παρὰ
1275 1908 1379 1992 ἀνδρὸς
1400 1913 1524 1992 ποιητοῦ
1544 1908 1789 1992 Λακεδαιμονίων
1815 1910 1982 1995 βασιλεῦσιν

397 2018 484 2082 οὐδέν
507 2019 583 2083 ἐστιν
606 2018 636 2086 ἐς
660 2017 788 2104 μνήμην.
832 2014 932 2098 Quod
952 2017 1198 2092 testimonium,
1227 2015 1294 2082 nisi
1314 2017 1427 2094 fallor,
1450 2017 1605 2083 veritatis
1628 2017 1882 2084 similitudinem
1903 2039 1984 2103 prae

397 2149 434 2194 se
456 2128 530 2194 fert
573 2126 660 2192 Eam
683 2126 772 2191 enim
795 2147 867 2191 rem
890 2147 966 2192 oum
987 2126 1175 2193 Pausanias
1197 2126 1256 2192 illo
1284 2127 1357 2193 loco
1384 2127 1551 2212 attingere
1577 2128 1677 2212 plane
1704 2150 1771 2193 non
1800 2137 1983 2213 cogeretur,

398 2261 441 2304 ex
463 2258 502 2304 eo
525 2238 608 2322 ipso,
632 2235 720 2324 quod
741 2236 830 2306 ultro
852 2236 975 2321 attigit,
997 2237 1151 2321 intellegi
1172 2246 1293 2322 potest,
1317 2258 1394 2303 eum
1417 2250 1507 2304 certe
1522 2239 1702 2304 memoriae
1718 2258 1797 2303 suae
1819 2260 1887 2304 nou
1910 2259 1984 2305 esse

398 2348 554 2414 diffisum.
598 2347 712 2432 Atque
734 2354 811 2414 utut
832 2347 874 2412 de
897 2349 970 2430 ejus
991 2348 1128 2432 ingenio
1151 2345 1336 2431 judicatur,
1364 2370 1424 2414 cur
1450 2369 1518 2414 non
1541 2350 1709 2431 cognitam
1736 2348 1891 2416 habuerit
1912 2370 1984 2418 reru

399 2480 466 2523 non
493 2457 541 2523 ita
567 2475 709 2542 maguae
742 2457 926 2524 doctrinael
974 2456 1112 2524 Nullam
1139 2458 1243 2542 igitur
1269 2458 1367 2524 video
1395 2462 1524 2543 justam
1552 2481 1687 2525 causam
1714 2481 1802 2536 esse,
1836 2481 1896 2525 cur
1921 2460 1985 2525 hoo

399 2569 593 2634 testimonio
627 2576 740 2652 spreto
770 2566 978 2634 Simonidem
1011 2568 1187 2653 scripsisse
1214 2568 1298 2636 illud
1331 2570 1537 2656 epigramma
1570 2570 1743 2637 credamus
1770 2571 1983 2658 Aethiopias

398 2678 448 2744 At
469 2677 567 2744 docet
587 2678 726 2755 Jacobs,
753 2701 823 2745 non
849 2700 998 2764 pugnare
1020 2679 1209 2745 Pausaniae
1235 2680 1347 2745 locum
1374 2701 1449 2745 oum
1472 2679 1696 2765 Anthologiae
1717 2680 1889 2759 lemmate;
1916 2702 1985 2746 non

400 2789 491 2854 enim
516 2789 553 2854 in
575 2789 760 2855 Leonidam
788 2810 902 2874 regem
930 2790 1071 2875 scriptos
1100 2811 1329 2872 asseverans,
1357 2789 1479 2857 sedin
1506 2812 1564 2857 eos
1591 2812 1674 2876 quos
1701 2813 1813 2858 seeum
1841 2791 1899 2858 ille
1926 2790 1985 2856 ha—

400 2900 518 2967 buerit.
560 2899 636 2966 Non
660 2899 840 2983 persuadet
865 2900 962 2966 nobis
984 2900 1122 2979 Jacobs,
1151 2901 1307 2986 quoniam
1330 2901 1486 2985 quamvis
1508 2902 1650 2970 trecenti
1672 2901 1723 2967 illi
1745 2903 1985 2990 epigrammate

401 3010 624 3085 celebrentur,
652 3012 802 3094 profecto
829 3010 1012 3096 legentium
1041 3034 1140 3079 nemo
1168 3012 1372 3096 opinabitur,
1400 3011 1571 3080 Leonidae
1597 3033 1665 3077 non
1692 3012 1794 3078 tribui
1820 3013 1984 3096 potiorem

400 3119 508 3186 laudis
535 3129 681 3205 partem,
709 3142 785 3186 cum
812 3124 1012 3206 praesertim
1036 3122 1149 3206 ipsum
1176 3130 1276 3207 poeta
1301 3122 1453 3188 nominet
1482 3122 1695 3207 appellatque
1721 3124 1876 3189 vocativo
1905 3143 1984 3189 casu

402 3240 437 3297 et
469 3231 614 3297 secunda
646 3253 790 3316 persona
816 3235 966 3314 (Λεωνίδα
987 3271 1030 3282 -
1052 3234 1110 3314 αὖ).
1158 3234 1302 3299 Videtur
1335 3231 1468 3317 quidem
1502 3254 1577 3299 cum
1604 3234 1664 3300 illo
1691 3234 1880 3301 Pausaniae
1912 3234 1985 3300 loco

401 3342 488 3408 alter
508 3361 659 3428 pugnare
681 3342 831 3426 ejusdem
854 3345 999 3410 auctoris
1026 3345 1081 3410 lib.
1104 3344 1168 3422 VI,
1192 3345 1224 3422 1,
1246 3343 1280 3423 2,
1308 3345 1366 3411 ubi
1387 3345 1594 3412 mentionem
1615 3346 1697 3411 lacit
1718 3346 1986 3430 epigrammatum

382 3454 438 3528 dm
460 3452 641 3537 Oyniscam
663 3454 873 3538 scriptorum.
915 3453 1036 3520 Potest
1058 3455 1195 3522 subesse
1222 3456 1377 3521 lectionis
1405 3477 1511 3533 error,
1537 3464 1577 3522 nt
1602 3464 1661 3522 aut
1681 3456 1752 3521 illio
1774 3456 1986 3541 ἐπιγράμματα

315 3631 322 3640 ,
402 3567 485 3645 (non
507 3564 707 3649 ἐπίγραμμα),
735 3569 794 3630 aut
819 3565 874 3630 hic
896 3567 1066 3650 ἐπίγραμμα
1088 3566 1133 3631 sit
1159 3565 1347 3650 legendum.
1382 3566 1457 3633 Hoc
1479 3567 1624 3633 alterum
1644 3565 1869 3633 Sehubartum
1889 3566 1986 3632 video

402 3674 585 3759 conjecisse
600 3674 652 3759 (in
667 3677 805 3759 praefat
822 3675 871 3742 ed.
887 3676 1038 3758 Teubn).
1071 3674 1141 3742 Sed
1155 3678 1212 3744 rel
1227 3678 1301 3744 sinc
1315 3677 1500 3747 lectionum
1514 3679 1699 3746 mutatione
1714 3678 1778 3745 hoc
1793 3678 1898 3745 altero
1913 3678 1986 3743 loco
2067 3685 2070 3690 “

403 3784 499 3850 illum
521 3786 667 3872 priorem
689 3808 758 3852 non
780 3783 877 3864 dilui,
900 3786 934 3852 id
956 3786 1039 3852 mihi
1060 3786 1195 3854 videtur
1215 3787 1513 3856 demonstrandum
1534 3789 1647 3856 verbis
1669 3789 1751 3874 παρὰ
1772 3789 1881 3875 ἀνδρὸς
1901 3813 1986 3876 nocq-

401 3900 470 3975 τοῦ,
498 3902 537 3962 ut
562 3895 625 3962 hoc
651 3895 741 3963 dicat
761 3896 962 3975 Pausanias,
990 3899 1145 3984 appetis
1172 3899 1229 3982 qui
1256 3898 1442 3966 habeantur
1468 3898 1504 3966 in
1531 3899 1642 3988 aliquo
1669 3919 1823 3977 numero,
1856 3899 1987 3966 nullum

403 4015 536 4073 exstare
559 4009 767 4092 epigramma
793 4009 955 4093 scriptum
981 4008 1019 4074 in
1046 4030 1245 4098 quemquam
1269 4007 1516 4095 Spartiatarum
1542 4031 1657 4095 regem
1684 4018 1818 4095 praeter
1840 4008 1987 4080 Simoni·

405 4117 505 4186 deum
526 4112 618 4184 illud

507 4261 662 4328 Alterum
686 4270 739 4329 est
760 4263 967 4347 epigramma
989 4262 1077 4348 quod
1103 4284 1123 4329 a
1146 4261 1403 4334 Schneidewino
1431 4266 1472 4332 a'd
1494 4266 1679 4333 Leonidam
1707 4288 1820 4352 regem
1843 4265 1988 4333 reserem

403 4372 467 4437 hoe
486 4372 618 4458 (Bergk
642 4373 734 4459 110):

760 4486 868 4571 Θγμῶν
892 4486 944 4570 μὲν
967 4486 1121 4571 κάρτιστος
1143 4487 1214 4572 ἐγώ,
1238 4490 1354 4554 θνατῶν
1378 4489 1403 4554 δ’
1425 4490 1459 4554 ὃν
1481 4491 1542 4573 ἐγὼ
1564 4495 1614 4555 νῦν

811 4602 945 4683 φρουρῶ,
968 4600 1047 4684 τῷδε
1069 4600 1158 4684 τάφῳ
1181 4600 1472 4689 trinorciensem,

403 4774 563 4842 traditum
585 4774 622 4839 in
644 4773 783 4842 Antbol.
804 4775 887 4854 VH,
910 4776 988 4841 344·
1001 4777 1113 4862 ibique
1135 4778 1338 4865 adscriptum
1363 4778 1537 4847 Simonidi.
1582 4777 1680 4860 Quod
1703 4782 1883 4863 quaeritur,
1906 4804 1987 4852 num

404 4885 467 4953 hoc
490 4884 656 4952 distichon
