4542 5617
943 488 1268 563 ...m-.-

313 708 372 756 sae
388 687 430 756 ad
445 688 640 758 Corinthios
654 697 853 777 spectarent,
875 690 912 757 in
926 691 1023 778 pejus
1037 698 1195 758 mutasse.
1225 691 1278 757 De
1292 690 1394 758 rebus
1409 691 1522 774 igitur,
1545 691 1704 775 quasillo
1721 692 1900 775 (Pseudo)

312 799 488 868 Plutarchi
518 801 632 868 libello
663 802 889 878 continentur,
923 822 1123 886 quamquam
1155 801 1269 868 nescio
1302 822 1345 867 an
1377 824 1447 867 non
1478 787 1663 881 dubitetur,
1696 803 1737 869 de
1763 803 1900 888 ingenio

314 919 429 977 tamen
459 913 605 980 auctoris
636 911 729 979 dubii
758 932 865 998 panca
896 911 1037 979 dicenda
1062 921 1176 990 erunt,
1209 932 1327 978 causae
1358 934 1453 979 meae
1485 912 1689 979 evincendae
1715 914 1900 999 profutura

313 1005 432 1107 Atque
441 1024 602 1092 uniuersa
615 1025 687 1109 ejus
709 1022 901 1108 disputatio,
924 1045 1024 1108 quam
1045 1024 1135 1092 infra
1149 1024 1301 1090 historici
1317 1024 1483 1109 judicium
1498 1046 1573 1092 esse
1595 1027 1794 1105 censuerim,
1816 1027 1898 1093 tiro·

313 1132 369 1200 nis
390 1133 532 1219 alicujus
557 1132 844 1202 lucubrationibus
872 1140 925 1200 est
951 1134 1102 1201 similior.
1145 1134 1251 1202 Pauci
1278 1157 1360 1202 sane
1386 1137 1536 1204 eminent
1562 1137 1641 1217 loci,
1670 1137 1789 1222 quibus
1816 1137 1899 1203 locis
1939 1147 1963 1214 ,t

314 1244 426 1329 aliqua
446 1267 561 1313 rerum
575 1253 666 1313 certe
680 1245 894 1330 antiquarum
916 1244 1058 1311 scientia
1080 1246 1233 1312 nitantur
1254 1248 1466 1331 quaestiones
1482 1255 1583 1331 atque
1606 1249 1748 1333 quadam
1771 1249 1901 1315 ratium
1945 1209 1974 1372 ’μζ

313 1367 349 1423 et
362 1356 432 1437 τίοι
455 1357 621 1436 atcania,
644 1378 728 1441 qnae
743 1357 889 1442 plurima
910 1356 1072 1425 adversus
1086 1358 1298 1425 Herodotum
1319 1367 1518 1445 argumenta
1539 1360 1628 1445 apud
1649 1360 1745 1427 illum
1767 1361 1898 1428 iuveni·

314 1474 430 1546 untur,
457 1467 587 1553 aliquot
607 1468 885 1536 hosat-delibare.
928 1469 1007 1536 Jam
1030 1477 1157 1553 quanta
1177 1470 1214 1534 in
1235 1468 1336 1538 rebus
1357 1471 1517 1557 mythicis
1540 1471 1725 1536 tractandis
1746 1470 1900 1538 Herodo-

313 1586 369 1646 tus
389 1578 494 1646 fuerit
512 1579 730 1666 malignitate,
753 1579 913 1647 discimus
935 1602 955 1647 e
976 1601 1027 1665 cp.
1043 1580 1092 1646 11.
1135 1580 1269 1666 Negare
1291 1581 1382 1647 enim
1402 1580 1612 1649 Herodotum
1634 1580 1760 1647 invitas
1783 1582 1901 1649 abduci

313 1710 333 1757 ο
357 1689 468 1776 patria
494 1690 727 1776 paturnelo,
749 1690 918 1758 Helenam
944 1690 1093 1776 aliasque
1119 1690 1263 1757 feminas
1290 1690 1468 1759 fabulosas.
1513 1692 1611 1775 Quod
1639 1692 1821 1779 singularis
1844 1714 1900 1759 cu·

309 1800 445 1886 jusdam
465 1801 686 1887 malignitatis
708 1824 791 1869 esse.
820 1803 876 1868 dn
897 1801 995 1868 illum
1016 1807 1135 1886 putare
1158 1802 1260 1869 stiam
1275 1801 1446 1887 Regillum
1467 1809 1503 1869 ct
1523 1803 1822 1888 Philopoemenem
1845 1803 1901 1871 vel

313 1912 417 1997 tigres
439 1912 619 1997 leonesque
642 1913 688 1996 (l)
710 1912 905 1998 permultos,
929 1913 986 1996 qui
1007 1912 1128 1979 vinclis
1151 1920 1361 1991 tenerentur,
1385 1935 1452 1980 non
1475 1914 1602 1981 inritos
1624 1915 1721 1980 domo
1744 1914 1901 1999 abreptos

314 2043 399 2090 esse.
419 2058 461 2072 -
491 2022 765 2108 Quotusquisque
791 2044 860 2090 non
888 2022 1050 2101 censebit,
1077 2022 1111 2089 id
1139 2033 1390 2108 argumentum,
1423 2024 1511 2109 quod
1537 2024 1596 2091 ille
1623 2025 1730 2109 accipi
1755 2025 1831 2090 vult
1862 2033 1901 2091 ut

314 2134 472 2202 acerbum
492 2134 714 2220 locatumque,
736 2133 856 2218 quovis
877 2134 951 2200 viro
973 2155 1048 2201 esse
1071 2134 1232 2212 alienum,
1257 2125 1345 2218 quod
1367 2150 1480 2201 tamen
1503 2134 1756 2203 adolescentulo
1779 2134 1900 2201 condo·

312 2246 446 2314 nemun
481 2244 638 2312 Ridicula
658 2244 778 2311 deinde
799 2245 851 2310 ira
869 2244 1093 2324 Herodotum,
1120 2244 1209 2329 quod
1237 2246 1268 2312 is
1286 2246 1449 2331 Pythiam
1470 2246 1553 2312 dicit
1574 2245 1739 2330 quoddam
1761 2268 1900 2331 respon·

313 2378 389 2424 sum
419 2356 551 2424 dedisse
584 2356 776 2424 obsecutam
803 2354 984 2435 Clistheni,
1017 2357 1066 2422 sic
1102 2356 1245 2440 castigat
1272 2356 1337 2442 (cp.
1363 2355 1434 2440 23):
1471 2354 1633 2444 Καλλίστῳ
1663 2358 1715 2440 μὶν
1743 2356 1823 2444 ἔργῳ
1852 2360 1902 2421 καὶ

314 2468 495 2554 δικαιοτάτῳ
516 2468 697 2554 speraturas
718 2466 912 2554 ’ἀσεβήματος
933 2467 1078 2553 διαβολὴν
1100 2466 1276 2551 τηλικούτου
1304 2469 1355 2532 ναὶ
1377 2468 1650 2554 ραδιοομγήμοτος,
1680 2469 1902 2556 ἀφαιρούμενος

315 2580 349 2644 et
369 2583 422 2644 τοῦ
444 2579 518 2644 θεοῦ
542 2579 681 2663 μαντείαν
704 2577 800 2661 καλὴν
821 2578 873 2642 καί
896 2577 1013 2663 ἀγαθὴν
1035 2580 1162 2662 καὶτῆς
1184 2578 1348 2663 λεγομένης
1370 2579 1628 2666 συμπροφητεύειν
1653 2579 1783 2664 Θέμιδος
1806 2580 1901 2650 ἀξίαν.

316 2689 427 2772 Quam
447 2710 521 2757 rem
541 2690 647 2775 igitur
659 2688 852 2758 Herodotus
874 2686 986 2765 tradit,
1009 2707 1084 2753 eam
1098 2687 1270 2774 redarguit
1283 2689 1342 2755 ille
1364 2696 1480 2756 auctor
1501 2690 1565 2757 hoc
1586 2711 1668 2757 usus
1689 2702 1901 2775 argumento:

318 2802 433 2882 ,Heus
456 2809 490 2870 te
512 2801 689 2888 impiuml’'
733 2802 824 2867 Num
845 2800 928 2866 talia
949 2799 990 2867 ab
1012 2787 1173 2867 historico
1196 2800 1347 2886 profecta
1369 2820 1443 2866 esse
1465 2800 1672 2884 putabimus,
1699 2823 1768 2868 non
1790 2803 1902 2886 potius

317 2913 595 2981 adeclamatcrel
625 2915 738 2999 Atque
753 2934 797 2979 ex
818 2913 882 2979 hcc
904 2933 1035 2997 quoque
1057 2919 1154 2996 potes
1174 2910 1431 2978 declamatorem
1447 2911 1503 2977 val
1525 2911 1695 2979 rhetorem
1710 2931 1901 2996 agnoscere,

317 3024 406 3110 quod
426 3024 657 3094 εᾶνοοοονὶιιιο
678 3046 777 3091 snum
798 3022 1009 3090 Herodotum
1030 3007 1127 3107 quasi
1153 3030 1366 3107 praesentem
1388 3021 1535 3088 secunda
1556 3043 1701 3108 persona
1722 3043 1822 3108 saepe
1844 3044 1903 3107 ap·

316 3137 422 3223 pellat
444 3140 509 3223 (cp.
530 3135 596 3220 29).
640 3137 728 3202 'lum
750 3135 971 3219 malignitatis
993 3154 1068 3201 esse
1095 3132 1193 3200 docet
1215 3137 1279 3218 (op.
1302 3132 1358 3217 32)
1387 3143 1422 3200 et
1449 3133 1538 3218 quod
1560 3132 1753 3201 Herodotus
1780 3155 1835 3199 res
1863 3132 1905 3198 ad

317 3247 562 3334 Thermopylas
588 3254 701 3331 gestas
727 3267 934 3331 persequens
962 3245 1187 3312 clarissimum
1212 3244 1343 3311 facinus
1365 3244 1535 3312 Leonidae
1562 3244 1766 3321 dissimulet,
1794 3246 1906 3310 ineur-

317 3362 446 3428 sionem
468 3361 541 3444 ejus
562 3357 600 3423 iu
613 3359 797 3426 Persarum
810 3366 921 3424 castra
942 3363 978 3422 ot
998 3357 1106 3441 ipsius
1120 3355 1247 3422 Xerxis
1269 3356 1461 3432 tentorium,
1485 3365 1519 3422 et
1541 3355 1630 3440 quod
1644 3355 1787 3422 aliorum
1803 3353 1906 3440 Spar·

317 3473 476 3540 tiatarum
502 3469 675 3555 praeclara
699 3470 790 3535 facta
815 3476 850 3534 et
871 3488 987 3534 eorum
1008 3466 1245 3550 Leonideeque
1272 3466 1503 3534 memorabilia
1529 3466 1619 3533 dicta
1641 3469 1834 3552 (τολμήματα
1856 3468 1908 3530 καλ

319 3585 453 3672 ῥήματα)
481 3580 617 3649 silentio
643 3579 917 3665 praetermiserit
968 3578 1015 3644 dt
1041 3584 1174 3644 constat
1200 3599 1257 3643 eas
1284 3578 1414 3644 fabulas
1442 3598 1525 3644 esse.
1575 3576 1686 3659 Quem
1713 3576 1769 3644 rel
1795 3577 1905 3661 quarti

319 3695 470 3780 quintius
492 3692 619 3761 ordinis
641 3691 838 3758 historicum
861 3689 922 3755 tali
943 3711 1042 3756 usum
1064 3710 1139 3755 esse
1156 3687 1283 3772 judicio
1306 3688 1397 3755 credi
1419 3689 1544 3772 potestl
1580 3687 1904 3754 Commemoratione

319 3805 462 3891 deniqne
484 3813 537 3871 ost
557 3804 706 3889 dignum,
729 3799 892 3886 quomodo
915 3800 957 3867 ab
978 3798 1142 3866 Herodoti
1165 3800 1341 3866 calumniis
1364 3799 1582 3866 Adimantum
1605 3798 1761 3864 defendat
1783 3796 1903 3878 (lorin-

318 3917 444 3996 thium,
471 3936 570 4001 quem
596 3913 654 3980 ille
681 3920 783 3998 negat
809 3912 845 3977 in
871 3911 970 3977 bellis
992 3911 1175 3976 Persarum
1202 3910 1287 3977 bene
1314 3911 1472 3976 meritum
1500 3931 1582 3976 esse.
1626 3909 1791 3995 Apposito
1813 3910 1904 3974 euim

318 4028 378 4096 illo
406 4029 647 4113 epigrammate
675 4025 736 4090 101
764 4022 875 4106 (Οὗτος
897 4021 1114 4106 Ἀδειμάντου)
1146 4022 1268 4106 probat
1293 4044 1367 4088 esse
1395 4043 1464 4087 non
1490 4041 1603 4106 posse,
1637 4028 1676 4085 ut
1701 4018 1904 4086 Adimantus
1935 4005 1943 4112 i

318 4141 421 4207 merit
445 4137 584 4205 timidus
610 4137 669 4203 ille
690 4136 790 4202 homo
813 4143 848 4200 et
869 4132 1032 4219 proditor,
1060 4135 1218 4217 quoniam
1239 4140 1482 4219 postmortem
1504 4139 1636 4198 tantum
1658 4130 1784 4215 gloriae
1806 4134 1838 4196 ei
1860 4134 1906 4199 sit
1940 4115 1952 4254 i

318 4251 483 4328 habitum3
505 4270 615 4334 neque
637 4269 715 4314 eum
736 4268 854 4313 ausum
876 4246 980 4311 luisse
1001 4244 1136 4311 filiabus
1158 4246 1296 4311 nomina
1317 4245 1488 4329 imponere
1511 4242 1685 4328 Ναοσινίκη,
1704 4239 1903 4327 Ἀκροθίνιον,
1947 4267 1956 4344 μ

314 4361 480 4449 Ἀλεξιβία,
502 4381 611 4444 neque
632 4359 703 4424 filio
723 4357 887 4442 Ἀριστεύς,
910 4356 977 4422 nisi
999 4354 1078 4439 quid
1100 4356 1232 4423 illustre
1248 4356 1373 4441 egisset
1394 4355 1482 4422 bello
1504 4353 1626 4419 navali
1656 4353 1712 4419 En
1727 4375 1905 4440 argumen-
1949 4365 1963 4434 j

321 4481 393 4541 tum
416 4492 517 4557 quam
538 4469 729 4537 ridiculuml
751 4506 793 4518 -

421 4585 515 4670 Ergo
537 4604 613 4650 cum
636 4589 705 4648 tam
731 4582 828 4666 parri
856 4581 901 4646 sit
928 4579 1117 4647 habendum
1143 4578 1236 4645 illius
1258 4578 1403 4646 auctoris
1420 4575 1598 4662 judicium,
1628 4599 1728 4662 quam
1750 4601 1793 4644 cr
1815 4578 1906 4645 hisco

321 4696 485 4783 exemplis
506 4695 587 4762 licet
608 4692 815 4777 intellegere,
836 4713 918 4757 num
934 4694 1007 4776 ojus
1030 4690 1222 4757 testimonio
1245 4709 1423 4774 possumus
1438 4684 1556 4754 adduci
1570 4697 1610 4754 ut
1623 4696 1682 4754 aut
1696 4689 1905 4755 Herodotum

322 4816 382 4873 aut
402 4806 610 4876 Simonidem
631 4804 813 4872 mentitum
839 4825 914 4870 esse
941 4802 1137 4870 credamus?
1179 4802 1296 4884 Neque
1318 4799 1462 4866 multum
1485 4799 1526 4864 cd
1553 4800 1640 4866 hane
1661 4822 1733 4866 rem
1755 4801 1905 4879 interest,

322 4926 436 4986 utrum
462 4917 521 4986 ille
546 4919 649 4987 merit
673 4917 787 4984 neseio
815 4915 892 5001 quis
919 4914 1071 5000 sophista
1092 4912 1300 4989 adolescens,
1328 4911 1386 4996 qui
1407 4931 1446 4977 oc
1468 4909 1583 4978 libello
1605 4910 1646 4977 de
1668 4911 1906 4994 quaestiones
