4542 5617
933 509 1258 586 mppr.m

305 711 461 778 naamam
488 729 636 798 pugnam
663 711 705 778 ad
737 711 873 799 Cyprum
899 712 1127 796 commissam3
1162 710 1281 778 deinde
1314 717 1449 796 praeter
1482 687 1596 796 captas
1624 719 1760 776 eentum
1786 731 1891 776 naves

306 822 437 907 reliqua
463 844 562 907 quarn
583 823 710 890 Persae
737 822 853 889 eadem
879 844 993 907 pugna
1012 823 1166 889 fecerunt
1187 824 1320 906 jactura
1341 829 1621 888 commemoratur
1642 821 1753 887 verbis
1776 819 1891 904 Μήδων

306 934 437 1004 πολλοὺς
460 934 628 1014 ὀλέσαντες
656 934 798 1018 denique
825 939 940 1019 aperte
961 935 1035 1018 jam
1061 934 1183 1000 dieitur
1203 936 1296 1021 prior
1323 933 1428 999 fuisse
1454 933 1585 999 navalis
1612 953 1733 1017 pugna
1774 931 1890 1015 Neque

306 1063 388 1110 vero
410 1051 463 1111 est
484 1044 673 1111 mirandum
695 1067 772 1111 cum
794 1044 916 1111 Grotio
938 1043 972 1128 (l.
989 1065 1013 1110 ο.
1037 1044 1100 1122 ΙΠ,
1123 1065 1177 1130 pg.
1193 1045 1283 1132 240),
1306 1043 1393 1128 quod
1416 1043 1586 1109 Diodorus
1610 1041 1762 1118 GOGXL
1785 1064 1889 1108 nares

308 1163 423 1240 captas
439 1175 514 1223 esse
529 1156 647 1232 tradat,
669 1157 706 1222 in
721 1156 962 1241 epigrammate
978 1167 1151 1241 captarum
1173 1177 1333 1222 numerus
1357 1156 1401 1220 sit
1424 1163 1567 1220 centum.
1596 1154 1685 1220 Nam
1707 1154 1794 1239 apud
1810 1175 1890 1220 eun-

307 1266 382 1332 dem
405 1265 591 1334 Diodorum
612 1267 756 1353 legimus
780 1268 856 1348 (XI,
878 1265 935 1351 60)
963 1275 1041 1352 post
1062 1289 1211 1353 pugnam
1234 1288 1350 1332 omnes
1373 1285 1458 1350 quae
1480 1265 1629 1349 reliquae
1651 1273 1765 1331 esseut
1787 1287 1893 1344 naves

306 1377 343 1442 in
364 1377 478 1444 littore
492 1400 513 1445 a
526 1379 642 1445 Persis
665 1378 814 1444 desertas
837 1387 952 1464 captas
974 1401 1063 1460 esse;
1086 1403 1184 1465 quam
1200 1402 1270 1446 rem
1286 1380 1426 1445 minoris
1449 1378 1574 1463 gloriae
1597 1385 1696 1462 poeta
1711 1376 1892 1443 arbitratus

308 1509 364 1554 eas
386 1496 516 1556 tentum
538 1490 669 1557 mavult
690 1510 964 1568 commemorare,
987 1512 1069 1574 quas
1091 1492 1129 1556 in
1149 1512 1265 1577 pugna
1285 1491 1359 1576 ipsa
1381 1491 1531 1575 ceperint
1553 1494 1579 1571 (.
1602 1539 1610 1555 .
1632 1538 1640 1554 .
1663 1538 1670 1553 .
1693 1490 1800 1554 ἑκατὸν
1822 1493 1893 1559 ναῦς

308 1599 392 1665 ἕλον
414 1602 449 1665 ἐν
472 1603 655 1685 πελάγει).

408 1705 503 1778 Haeo
518 1710 651 1796 quidem
666 1710 707 1778 de
723 1712 971 1797 epigrammate,
988 1715 1085 1798 quale
1101 1723 1135 1782 et
1150 1716 1222 1799 ejus
1237 1723 1353 1780 auctor
1367 1714 1520 1799 intellegi
1532 1715 1640 1780 voluit
1655 1721 1690 1780 et
1704 1714 1777 1780 sine
1792 1691 1892 1780 dubio

306 1820 484 1888 Diodorus.
511 1823 559 1888 et
572 1822 635 1889 hoc
650 1821 760 1890 dicere
775 1824 913 1892 minime
924 1825 1001 1893 uolo
1017 1826 1104 1892 idem
1122 1846 1195 1892 osse
1208 1826 1363 1892 omnibus
1379 1827 1528 1892 numeris
1542 1825 1741 1892 absolutum.
1764 1825 1892 1890 Tamen

307 1933 336 1999 si
350 1931 386 1998 id
399 1953 504 1999 unum
520 1935 706 2001 sententiae
720 1956 816 2001 meae
830 1936 943 2002 obstat
957 1959 1026 2003 non
1040 1937 1229 2003 conturbor.
1257 1936 1345 2028 Nam
1360 1937 1389 2002 si
1405 1943 1545 2015 constat,
1561 1957 1636 2001 oum
1650 1935 1736 2001 falsa
1752 1934 1893 2000 Diodori

307 2043 348 2109 de
362 2063 495 2128 pugnae
514 2045 587 2111 loco
603 2046 794 2113 narratione
814 2047 992 2114 convenire
1012 2049 1226 2134 epigramma,
1250 2048 1338 2132 quod
1353 2048 1523 2115 Diodorus
1539 2048 1637 2114 affert
1651 2045 1891 2122 testimonium,

308 2156 468 2240 sequitur,
482 2179 543 2221 aon
558 2156 727 2223 Simonidis
738 2160 928 2246 epigramma
939 2183 1008 2241 esse,
1024 2158 1084 2225 sed
1098 2180 1118 2224 a
1131 2160 1317 2224 recentiore
1332 2157 1443 2242 aliquo
1459 2164 1558 2242 poeta
1573 2156 1735 2242 scriptum
1749 2156 1892 2221 fortasse
1931 2153 1937 2246 ξ
1953 2233 2036 2250 w

307 2283 369 2351 per
387 2266 509 2344 lusum,
531 2267 643 2350 qualia
658 2269 737 2334 sunt
751 2268 866 2347 multa,
888 2269 976 2354 quod
997 2279 1110 2336 tamen
1124 2269 1265 2335 Diodori
1281 2268 1487 2354 temporibus
1502 2267 1687 2353 genuinum
1700 2265 1893 2332 habebatur.
1931 2249 1936 2310 l
1961 2295 1982 2306 -·
2009 2283 2037 2298 ··‘

307 2377 539 2444 Dissentimus
563 2380 652 2444 enim
675 2401 695 2445 a
714 2379 870 2465 Krogero
891 2380 1031 2462 (Histor.
1054 2381 1168 2466 philol.
1192 2378 1334 2447 Studien
1348 2380 1377 2458 Ι,
1399 2400 1452 2464 pg.
1467 2380 1533 2460 64),
1557 2379 1613 2463 qui
1635 2377 1711 2463 ipso
1734 2376 1893 2443 orationis

308 2485 424 2553 habitu
443 2488 507 2554 hoo
527 2489 733 2582 epigramma
751 2499 923 2576 praestare
945 2499 1060 2558 censet
1080 2492 1120 2570 ei,
1137 2491 1230 2575 ,quod
1247 2490 1335 2577 apud
1356 2490 1543 2576 Bergkium
1563 2497 1616 2556 est
1631 2489 1692 2555 105
1714 2487 1803 2572 (Οἵδε
1823 2485 1892 2571 παρ’

309 2595 547 2685 Εὐρυμέδοντα),
562 2599 649 2684 quod
664 2602 868 2685 poematium
883 2624 957 2669 esse
973 2602 1054 2669 dicit
1069 2599 1160 2669 succi
1175 2593 1210 2668 et
1224 2603 1397 2687 sangoinis
1413 2607 1596 2686 expertem,
1617 2601 1721 2666 meris
1736 2598 1895 2684 epithetis

310 2709 491 2776 conflatum
519 2709 679 2791 („inhalt·
708 2710 777 2777 und
802 2712 940 2790 farblos,
967 2712 1042 2780 blus
1063 2713 1330 2796 beiwortelnd'’),
1357 2712 1532 2797 indignum
1556 2710 1729 2778 Simonide
1756 2711 1894 2794 ejusque

309 2826 427 2885 aetate.
471 2817 527 2886 Sit
549 2839 629 2887 sane
651 2822 739 2888 erile
760 2825 965 2908 poematium
989 2825 1051 2890 105
1073 2863 1115 2873 -
1137 2824 1172 2890 id
1193 2825 1282 2910 qood
1303 2826 1361 2890 alii
1382 2832 1571 2911 negant-
1594 2822 1661 2900 scd,
1684 2830 1723 2888 ut
1744 2822 1806 2887 hoc
1823 2823 1896 2905 jam

308 2931 511 3016 praecipiam
528 2953 571 2997 ex
585 2932 771 3017 posteriore
788 2934 1020 3017 quaestionum
1031 2957 1181 3002 mearum
1196 2947 1301 3020 parte,
1317 2957 1393 3002 cum
1409 2936 1507 3021 plura
1517 2934 1671 3001 invenias
1685 2934 1721 2998 in
1737 2933 1795 3010 eis,
1811 2951 1895 3014 quae

308 3039 475 3108 Simonidi
495 3063 594 3110 nemo
616 3044 797 3128 abjudicat,
826 3046 925 3130 huJ’us
949 3041 1134 3124 simillima,
1163 3059 1236 3112 tum
1257 3069 1308 3132 ep.
1332 3046 1394 3112 142
1422 3045 1492 3128 (Ἐξ
1515 3046 1550 3112 οὔ
1571 3046 1596 3111 ι’
1624 3043 1787 3130 Εὐρώπην)
1817 3061 1893 3107 ver·

307 3152 427 3218 borum
459 3153 597 3222 floribus
624 3175 663 3222 ae
695 3177 801 3241 paene
833 3165 979 3234 tumore,
1013 3158 1125 3242 qualia
1156 3157 1357 3225 exhibentur
1387 3159 1424 3223 in
1456 3156 1613 3223 carminis
1642 3156 1753 3230 initio,
1787 3152 1894 3220 multo

309 3263 417 3349 magis
450 3287 551 3350 quam
585 3266 647 3332 105
680 3267 721 3333 ab
755 3288 872 3334 eorum
904 3268 1123 3336 similitudine
1160 3270 1299 3349 recedit,
1338 3291 1422 3353 quae
1452 3270 1490 3335 in
1522 3268 1658 3354 optimis
1691 3263 1895 3334 Simonideis

310 3374 485 3443 habentur.

412 3488 437 3555 J
438 3509 492 3554 am
507 3488 705 3556 concludere
720 3512 899 3575 possumus
913 3500 1063 3559 nostram
1086 3493 1127 3561 de
1143 3514 1193 3579 ep.
1210 3492 1272 3558 142
1287 3492 1557 3577 disputationem,
1581 3499 1746 3575 quatenus
1761 3487 1896 3573 quidem

309 3617 348 3664 ea
368 3600 469 3665 certis
489 3600 611 3666 nititur
631 3604 852 3686 argumentis3
876 3604 1070 3671 adducimur
1084 3613 1198 3671 tamen
1214 3604 1474 3689 opportunitate,
1498 3610 1536 3668 ut
1558 3601 1732 3668 levissima
1746 3598 1895 3682 singulu-

309 3730 385 3774 rum
411 3709 601 3778 litterarum
623 3714 808 3781 mutatione
832 3737 1043 3783 summovere
1065 3736 1225 3783 conemur
1247 3737 1301 3794 ea,
1328 3714 1449 3799 quibus
1477 3710 1720 3798 interpretandi
1748 3727 1896 3775 errorem

308 3820 485 3904 opinemur
516 3831 634 3889 natum
666 3844 747 3890 esse.
803 3823 871 3893 Sed
903 3848 972 3892 non
1008 3828 1109 3893 nimis
1148 3848 1263 3893 sumus
1296 3826 1431 3892 solliciti
1469 3825 1509 3891 de
1545 3824 1609 3889 hae
1645 3831 1742 3907 parte
1774 3840 1895 3904 operae

310 3940 455 4010 nostrae,
479 3953 554 3999 oum
577 3934 622 4000 sit
643 3935 741 4001 nobis
763 3957 975 4020 persuasum,
997 3938 1124 4004 nonin
1148 3935 1350 4005 Simonideis
1373 3937 1528 4003 versibus
1550 3956 1624 4001 eam
1646 3932 1784 4000 versari.
1827 3932 1895 3996 Ac·

311 4041 400 4108 cedit
422 4043 511 4127 quod
531 4045 568 4109 in
589 4045 652 4112 hoc
673 4048 841 4131 poematio
864 4069 929 4132 quo
944 4050 1051 4133 major
1073 4060 1126 4116 est
1147 4070 1307 4116 numerus
1328 4049 1511 4115 lectionum
1533 4045 1748 4122 variantium,
1771 4064 1810 4109 eo
1832 4041 1895 4107 mi-

310 4173 375 4219 nus
397 4163 451 4221 est
472 4156 668 4240 periculum,
690 4180 733 4223 ne
755 4159 920 4243 genuinae
942 4160 1079 4226 lectioni
1100 4161 1172 4228 vim
1193 4161 1304 4228 facias.

412 4265 569 4333 Vidimus
591 4268 703 4353 igitur,
725 4287 808 4337 voce
832 4272 1016 4357 ἀμφοτέραις
1037 4272 1134 4351 effici,
1156 4280 1195 4339 nt
1216 4273 1418 4357 interpretes
1441 4278 1630 4337 extremum
1645 4267 1896 4352 epigrammatis

312 4375 480 4445 distichon
508 4379 550 4445 ad
576 4381 728 4469 duplicem
754 4381 932 4448 victoriam
958 4383 1115 4448 referant
1161 4380 1229 4449 Sed
1252 4384 1280 4448 si
1307 4405 1368 4467 pro
1392 4384 1576 4469 ἀμφοτεροιις
1603 4381 1765 4464 scriptum
1792 4376 1897 4443 luisse
1953 4429 1974 4478 ,-

311 4489 467 4574 ponimus
491 4490 673 4577 αὖθ’ἑταραις
696 4492 816 4575 (altera
841 4515 958 4574 manu,
985 4494 1006 4559 i.
1029 4516 1056 4561 c.
1079 4494 1296 4560 terrestribus
1318 4493 1437 4577 copiis,
1466 4515 1540 4578 opp.
1562 4492 1770 4583 navalibus),
1798 4517 1898 4562 nemo
1954 4497 1957 4524 ²

306 4603 378 4684 J'am
400 4599 574 4681 dubitabit,
598 4604 680 4687 quin
701 4602 742 4669 ad
765 4611 961 4671 terrestrem
981 4626 1129 4690 pugnam
1153 4627 1192 4671 ea
1205 4606 1310 4671 verba
1332 4605 1524 4689 respiciant,
1547 4605 1632 4670 etsi
1655 4607 1759 4672 semel
1782 4613 1898 4672 natum
1976 4609 1980 4624 “

312 4731 386 4777 esse
408 4734 521 4780 errore
544 4717 723 4781 statuimus
744 4714 829 4781 illud
850 4715 1034 4802 ἀμφοτέραις
1055 4717 1264 4801 relatumque
1287 4715 1329 4780 ad
1351 4716 1521 4800 geminam
1541 4715 1726 4795 victoriam,
1749 4725 1898 4803 apparet

312 4822 469 4906 quoniam
484 4846 621 4892 necesse
641 4832 694 4893 est
709 4847 763 4894 vv.
779 4827 928 4892 Φοινίκων
943 4829 1049 4892 ἑκατὸν
1064 4831 1136 4900 ναῦς
1151 4829 1220 4892 ἕλον
1235 4831 1266 4892 ἐν
1281 4829 1405 4911 πελάγει
1426 4877 1433 4892 .
1449 4874 1456 4892 .
1471 4877 1480 4893 .
1508 4827 1550 4892 ad
1571 4828 1727 4893 navalem
1748 4849 1897 4913 pugnam

312 4935 496 5020 pertinere,
524 4958 565 5003 ca
593 4959 677 5021 quae
705 4939 778 5005 sola
805 4948 1004 5024 supererant
1024 4961 1079 5007 vv.
1103 4939 1133 5003 ἐν
1156 4938 1269 5026 Κύπριρ
1292 4939 1408 5025 Μήδων
1431 4940 1562 5010 πολλοὺς
1586 4941 1741 5010 ὀλέσαντες
1771 4939 1812 5005 ad
1840 4961 1898 5024 pe·
