4542 5617
1008 483 1333 559 ...24-

377 694 474 777 gulos
496 694 587 759 locos
607 694 734 768 citaret,
758 689 961 757 desumsisse
978 689 1051 771 jam
1070 691 1256 770 excerptos.
1297 685 1351 751 Ita
1371 706 1501 751 errores
1524 685 1624 770 louge
1645 686 1824 771 propagari
1846 692 1964 771 potue·

376 811 464 870 runt.
509 802 608 886 Quod
634 802 731 868 facile
758 800 908 866 accidere
930 800 1081 882 potuisse
1104 819 1180 863 cum
1203 796 1388 864 viderimus
1415 817 1459 862 ex
1480 796 1540 861 illa
1566 818 1651 879 quae
1672 799 1763 863 inter
1785 797 1964 881 (Pseudo)

377 914 600 981 Plutarchum
623 921 658 980 et
678 913 824 979 Dionem
848 910 967 996 Chrys.
988 909 1169 976 intercedit
1189 909 1391 986 imitatione,
1414 916 1486 973 tum
1509 906 1706 991 intellegere
1727 907 1808 974 licet
1829 929 1872 974 ex
1893 907 1965 984 hoc,

378 1026 466 1110 quod
489 1048 540 1111 ep.
558 1022 620 1091 137
639 1025 798 1109 lquamvis
820 1031 934 1107 aperte
956 1022 1153 1088 lacunosum
1175 1029 1289 1086 tamen
1311 1020 1413 1085 etiam
1435 1017 1476 1084 ab
1498 1019 1675 1085 Athenaeo
1696 1019 1808 1100 (XIII,
1832 1018 1896 1085 5⁷3
1912 1019 1965 1105 Ο.)

379 1145 413 1202 et
436 1159 456 1202 a
478 1137 579 1202 schol
602 1135 700 1202 Piud.
723 1134 764 1200 ad
787 1133 850 1201 ot
863 1133 967 1211 XIII,
989 1131 1032 1197 32
1054 1152 1115 1217 pro
1137 1132 1269 1215 integro
1292 1131 1338 1197 sit
1359 1128 1528 1196 traditum
1571 1128 1690 1213 Itaque
1712 1151 1778 1195 nou
1803 1129 1966 1196 absonum

380 1248 462 1313 mihi
478 1247 612 1314 videtur
633 1246 793 1322 conicere,
816 1244 903 1322 illos,
927 1244 968 1310 de
991 1242 1111 1327 quibus
1133 1242 1315 1325 quaeritur,
1337 1262 1467 1319 versus,
1490 1241 1520 1307 si
1535 1247 1615 1307 sunt
1629 1238 1823 1318 Simonidis,
1844 1240 1966 1307 ludicri

380 1359 514 1442 generis
536 1378 611 1424 esse
633 1357 802 1442 poematii,
826 1355 943 1440 scripti
966 1355 1008 1420 ed
1028 1352 1215 1420 irridendos
1238 1351 1440 1418 Corinthios.
1485 1352 1582 1416 'Palia
1603 1349 1776 1418 Simonide
1798 1373 1867 1418 nou
1889 1373 1965 1418 esse

380 1469 491 1535 aliena
511 1474 606 1553 patet
629 1490 671 1533 ex
694 1467 846 1552 paegniis
870 1465 973 1549 (apud
987 1464 1112 1548 Bergk.
1126 1462 1189 1530 No.
1206 1461 1269 1528 168
1291 1464 1385 1546 sqq).
1423 1460 1583 1528 Getarum
1603 1461 1697 1529 favet
1718 1481 1812 1528 meae
1834 1465 1964 1548 conjec-

256 1561 280 1582 ”“
341 1633 349 1640 .
380 1587 488 1658 turae,
516 1578 604 1663 quod
626 1579 857 1656 Hermannus,
884 1583 923 1642 ut
944 1575 1035 1642 disco
1058 1595 1077 1640 e
1099 1572 1307 1651 Schneidew.
1331 1571 1475 1638 Deleotu
1496 1594 1528 1657 p.
1549 1571 1627 1648 402,
1650 1592 1787 1639 versum
1810 1582 1964 1657 quartum

381 1698 576 1774 corruptum
597 1689 646 1755 sic
668 1685 913 1755 emendandum
934 1693 1063 1751 censet:
1090 1684 1168 1750 οἷον
1191 1685 1348 1748 sorraco
1370 1731 1497 1750 .....
1542 1681 1641 1764 Quod
1663 1683 1694 1750 si
1714 1683 1831 1749 acerbe
1853 1705 1965 1768 repre·

378 1799 496 1866 hendit
510 1798 729 1877 Schneider,
744 1798 902 1882 quonium
917 1797 963 1863 sit
986 1800 1123 1881 „poetae
1139 1793 1179 1860 da
1195 1791 1448 1860 Corinthiorum
1469 1791 1653 1860 virtutibus
1674 1792 1882 1872 detracturi',
1903 1793 1967 1860 boc

379 1910 491 1994 ipsum
513 1918 615 1995 poeta
636 1912 780 1976 fortasse
802 1907 920 1976 voluit
1148 1975 1153 1981 ,
1403 1889 1408 1898 ’

482 2022 506 2087 J
507 2042 561 2086 am
576 2042 657 2087 vero
680 2019 862 2104 quaerenti,
886 2039 946 2084 cur
960 2038 981 2082 a
994 2016 1088 2082 nullo
1103 2015 1159 2083 vel
1174 2015 1379 2097 eorumqui
1400 2013 1514 2098 magni
1535 2013 1660 2079 faciant
1672 2012 1839 2086 Herodoti
1857 2014 1967 2095 fidem,

381 2131 570 2198 dubitatum
591 2130 651 2209 sit,
678 2131 760 2215 quin
781 2130 1023 2215 epigrammata
1044 2147 1122 2192 cum
1143 2147 1182 2192 eo
1204 2124 1390 2210 pugnantia
1411 2120 1596 2189 Simonidis
1618 2132 1743 2202 essent,
1765 2125 1848 2191 haec
1870 2145 1968 2210 prae-

381 2241 514 2308 bebitur
535 2261 650 2317 causa,
673 2240 762 2324 quod
783 2248 937 2307 veterum
959 2245 1132 2305 auctorum
1155 2234 1358 2301 testimoniis
1380 2233 1432 2298 illi
1453 2234 1572 2299 confisi
1594 2232 1737 2300 credunt
1759 2232 1968 2301 Simonidem

383 2352 486 2418 fuisse
514 2372 604 2428 eum,
643 2351 701 2434 qui
738 2349 915 2435 pecuniam
947 2347 1108 2414 historiae
1140 2345 1219 2411 fidei
1251 2350 1472 2428 anteponeret
1506 2342 1573 2426 (Oi.
1605 2343 1798 2431 Lahmeyer
1828 2365 1883 2431 pg.
1915 2344 1970 2424 26,

386 2461 592 2528 Schneidew.
611 2482 665 2546 pg.
681 2460 747 2543 83),
770 2469 870 2545 atque
892 2461 975 2527 haec
998 2477 1129 2541 quoque
1151 2454 1291 2523 corinth.
1307 2454 1550 2539 epigrammata
1570 2454 1732 2521 scriberet
1752 2475 1819 2521 nou
1841 2455 1969 2523 inscius

383 2593 506 2649 rerum,
529 2571 645 2655 quales
667 2571 820 2648 fuissent,
844 2570 903 2636 sed
924 2570 1021 2653 quasi
1043 2566 1220 2633 subridens
1242 2585 1427 2650 parumque
1449 2563 1490 2630 de
1511 2565 1655 2632 veritate
1678 2565 1851 2643 sollicitus,
1873 2565 1968 2631 dum-

384 2682 526 2750 modone
556 2704 685 2749 meroes
718 2682 858 2748 deesset
907 2680 1004 2746 Talia
1029 2677 1164 2762 quidem
1191 2676 1358 2743 ducuntur
1384 2697 1403 2742 e
1431 2676 1603 2742 veteribus
1630 2676 1835 2764 auctoribus,
1861 2695 1971 2759 neque

385 2803 498 2859 tamen
525 2791 737 2878 propioribus
760 2790 944 2858 Simonidis
967 2790 1083 2866 aetati,
1111 2788 1171 2854 sed
1196 2786 1431 2853 remotissimis
1460 2787 1575 2871 eisque
1603 2785 1763 2853 studiosis
1790 2786 1971 2853 historion-

386 2895 537 2971 o‘ularum
558 2902 623 2986 (ot
646 2902 845 2988 Bernhardy
866 2903 967 2968 Littr.
990 2919 1097 2985 graec.
1118 2899 1164 2976 11,
1186 2918 1241 2983 pg.
1263 2895 1351 2978 625),
1374 2918 1450 2962 eum
1472 2896 1561 2982 apud
1580 2896 1659 2964 illos
1681 2898 1888 2982 antiquiores
1909 2898 1973 2964 hcc

385 3037 490 3081 unum
511 3015 691 3091 inveniam,
714 3011 924 3079 Simonidem
945 3011 1106 3097 pecuniae
1129 3007 1286 3093 cupidum
1306 3008 1412 3073 fuisse
1433 3029 1542 3092 neque
1558 3029 1695 3092 operam
1717 3028 1812 3075 auam
1826 3009 1972 3077 vendere

383 3101 532 3193 ioluisse
554 3124 621 3190 nisi
642 3123 759 3189 multo.
805 3125 921 3189 Aeno
943 3122 978 3188 id
1000 3121 1134 3206 quidem
1158 3119 1306 3186 eruimus
1322 3140 1365 3184 ex
1387 3099 1631 3203 antiquioribus
1654 3119 1882 3204 scriptoribus,
1905 3121 1974 3187 nisi

257 3270 262 3282 ·
382 3236 531 3302 maxima
551 3236 588 3300 in
603 3234 812 3303 Simonidem
827 3233 1008 3301 severitate
1030 3234 1085 3298 usi
1106 3233 1368 3314 interpretamur
1383 3229 1466 3296 duos
1481 3228 1587 3296 locos:
1602 3230 1744 3297 Aristot
1759 3230 1858 3297 Rhet
1873 3230 1936 3306 111.
1952 3230 1973 3296 2

306 3409 309 3416 .
383 3354 419 3412 et
440 3345 611 3431 Aristoph.
633 3345 708 3412 Pax
729 3345 802 3410 ost
837 3344 925 3410 Nam
947 3343 1102 3420 Platonis
1123 3342 1217 3407 locus
1241 3341 1393 3427 (Protag.
1407 3339 1472 3405 eto
1490 3340 1669 3425 B)„quem
1690 3342 1856 3427 inspicere
1872 3342 1973 3427 jubet

383 3457 588 3543 Lahmeyer,
614 3478 682 3522 non
704 3456 837 3524 uenerit
862 3457 899 3520 in
920 3475 1066 3522 censum.
1110 3451 1204 3519 Nihil
1232 3452 1322 3516 enim
1344 3450 1391 3517 ibi
1417 3450 1520 3546 habes
1548 3450 1589 3517 de
1612 3450 1796 3518 Simonidis
1819 3431 1971 3528 avaritia,

384 3567 444 3636 sed
465 3569 528 3635 hoc
550 3574 681 3650 tautum
703 3567 834 3644 dicitur,
856 3565 1086 3632 familiaritate
1108 3563 1261 3648 quadam,
1285 3584 1369 3646 quae
1391 3563 1423 3628 ei
1446 3571 1536 3628 esset
1557 3583 1634 3629 eum
1656 3561 1811 3648 tyrannis
1831 3561 1973 3646 aliisque

383 3677 574 3746 hominibus
597 3679 774 3762 opulentis,
798 3698 897 3763 saepe
919 3678 951 3742 ei
972 3677 1165 3761 impositam
1187 3675 1291 3740 luisse
1312 3674 1549 3739 necessitatem
1571 3674 1648 3739 illos
1669 3671 1830 3739 laudandi
1852 3674 1972 3740 carmi·

384 3791 492 3857 nibus.
536 3790 577 3855 Id
598 3788 663 3856 sibi
677 3789 765 3855 velle
786 3788 884 3854 illum
905 3787 1026 3864 locum,
1048 3794 1148 3871 atque
1163 3784 1317 3852 excusari
1338 3784 1451 3867 potius
1473 3804 1574 3867 quarn
1589 3781 1736 3848 incusari
1750 3783 1972 3862 Simonidem,

386 3903 489 3968 etiam
514 3901 622 3984 magis
649 3899 825 3985 apparebit
850 3899 1041 3984 legentibus
1073 3919 1157 3983 quae
1184 3897 1232 3962 ibi
1259 3895 1469 3964 antecedunt
1519 3896 1567 3959 At
1597 3902 1721 3978 quanto
1748 3895 1804 3961 rel
1831 3894 1974 3963 avaritia

385 4013 490 4080 distat
511 4010 552 4077 ab
574 4012 641 4077 isto
661 4010 791 4089 fraude,
819 4011 855 4076 in
878 4032 944 4095 qua
965 4009 1080 4076 dicunt
1102 4030 1178 4075 eum
1201 4029 1337 4094 operam
1360 4027 1455 4073 suam
1482 4006 1648 4091 poetieam
1676 4025 1757 4073 auro
1779 4013 1973 4091 corruptum

386 4122 579 4191 collocasse!
609 4125 665 4188 An
681 4122 771 4189 oredi
792 4127 912 4208 potest,
937 4118 1154 4197 Simonidem,
1177 4141 1277 4203 quem
1292 4116 1502 4184 tradiderunt
1518 4116 1744 4183 Themistocle
1763 4116 1974 4183 familiariter

385 4258 485 4302 usum
513 4256 601 4314 esse,
630 4233 815 4301 Corinthiis
841 4240 954 4299 autem
979 4232 1083 4298 fuisse
1111 4230 1287 4306 infestum,
1320 4228 1463 4295 cundem
1491 4237 1610 4313 postea
1636 4227 1718 4294 adeo
1744 4228 1872 4295 flexum
1898 4249 1973 4295 esse

385 4348 538 4432 pecunia,
560 4356 599 4412 ut
620 4345 777 4412 versibus
797 4344 980 4420 mandaret,
1003 4343 1170 4409 Adimanti
1190 4342 1324 4408 toralia
1346 4339 1524 4407 Graeciam
1546 4360 1621 4407 esse
1643 4339 1827 4406 servatam!
1871 4341 1923 4406 Ac
1945 4338 1975 4405 si

304 4541 311 4552 ·
385 4458 542 4543 delapsus
569 4465 622 4525 est
648 4457 802 4523 adhunc
829 4456 990 4522 avaritiae
1017 4453 1242 4520 humilitatem
1269 4472 1308 4518 ao
1336 4450 1465 4527 sordes,
1491 4472 1605 4517 nonne
1631 4449 1666 4516 id
1692 4450 1804 4536 potins
1832 4450 1974 4516 alicuie

366 4568 681 4654 =vituperatoribusr
696 4568 765 4634 illis
792 4566 1025 4653 castigandum
1051 4571 1137 4641 erat,
1166 4585 1267 4648 quam
1290 4563 1362 4630 sola
1383 4564 1537 4630 avaritial
1582 4561 1743 4630 (laterum
1764 4560 1872 4626 multa
1893 4579 1973 4624 eon·

385 4684 465 4748 tiata
487 4700 561 4746 esse
583 4679 625 4745 de
648 4676 831 4746 Simonidis
853 4677 995 4745 avaritia
1017 4697 1060 4744 ex
1081 4677 1189 4761 ipsius
1211 4674 1324 4742 verbis
1351 4695 1436 4758 quae
1462 4675 1604 4741 facetius
1627 4691 1728 4756 quarn
1749 4671 1864 4736 verius
1886 4668 1975 4735 dicta

385 4793 493 4876 accipi
523 4789 659 4857 volebat
691 4790 731 4871 (ἃ
756 4788 1003 4876 κομψευσάμενος
1029 4788 1193 4874 ἐψεύσατο,
1221 4786 1336 4863 Plato,
1363 4785 1417 4850 De
1444 4783 1571 4867 republ.
1597 4782 1663 4848 419
1689 4782 1733 4864 Β)
1766 4780 1975 4847 demonstrat

388 4901 586 4987 Bernhardy
607 4901 657 4978 11,
684 4895 757 4971 627.
778 4939 821 4950 -
843 4902 937 4967 Haeo
959 4897 1091 4982 quidem
1113 4897 1155 4964 de
1178 4896 1241 4974 eis,¹
1270 4895 1327 4979 qui
1348 4893 1446 4960 illum
1467 4892 1675 4979 vituperant3
1703 4899 1739 4959 at
1764 4890 1975 4959 laudantium
