4542 5617
986 433 1312 510 ...ag-

356 641 517 725 magistro
538 641 712 726 proposita
733 639 914 706 dissereret
935 643 1034 722 (quae
1056 639 1226 705 sententia
1246 645 1300 704 ost
1321 637 1453 717 Bahrii,
1481 641 1523 706 ad
1545 641 1668 707 Herod.
1684 643 1726 721 V,
1745 642 1805 719 63,
1829 644 1878 723 1),
1901 662 1944 707 an

355 751 568 828 Plutarchus,
584 752 641 835 qui
657 748 835 816 admodum
851 747 1043 816 adolescens
1059 770 1163 834 pravo
1178 750 1307 833 patriae
1323 770 1435 815 amore
1451 749 1492 816 ad
1506 771 1613 835 prava
1627 751 1756 836 judicia
1769 761 1945 838 raperetur

357 863 438 945 (Qui
461 871 596 948 praetor
617 861 781 929 Bahrium
804 860 987 926 Plutarcho
1008 860 1162 925 libellum
1185 859 1459 943 abjudicaverim,
1481 884 1513 929 v.
1534 883 1585 946 ap.
1604 862 1785 950 Lahmeyr.
1806 883 1861 949 pg.
1876 862 1944 949 81).

457 974 506 1037 At
533 971 660 1038 accedit
686 971 809 1037 Dionis
837 970 956 1055 Ohrys.
984 970 1180 1048 auctoritas,
1214 971 1272 1054 qui
1305 971 1378 1055 ipse
1411 992 1543 1054 quoque
1574 994 1617 1038 ex
1644 974 1897 1059 epigrammatis
1924 996 1945 1039 a

357 1083 537 1167 (Pseudo)
560 1081 744 1148 Plutarcho
766 1081 879 1148 allatis
901 1080 965 1146 duo
989 1080 1063 1161 (No.
1078 1080 1121 1146 98
1135 1086 1172 1144 ct
1192 1081 1267 1162 101)
1291 1090 1326 1146 et
1347 1080 1504 1147 exhibeat
1526 1090 1561 1147 et
1583 1080 1747 1150 Simonidi
1770 1083 1945 1150 adscribat
2047 1135 2050 1142 ι

359 1195 488 1278 Quanti
513 1193 701 1261 laciendum
728 1194 774 1259 sit
800 1193 900 1278 hujus
928 1192 1174 1267 testimonium,
1201 1190 1236 1255 id
1263 1212 1281 1256 o
1307 1190 1422 1258 libello
1444 1192 1647 1278 Lahmeyeri
1670 1193 1762 1261 disco
1787 1195 1855 1281 (pg.
1877 1194 1944 1277 83),

296 1295 414 1394 qui
443 1306 650 1383 observavit,
679 1326 754 1371 osso
780 1306 870 1372 inter
897 1304 1066 1370 orationes
1093 1302 1244 1368 Dioneae
1272 1301 1423 1388 (Τρωικὸς
1455 1305 1527 1389 ὑπὲρ
1553 1310 1608 1369 τοῦ
1630 1304 1722 1371 Ἴλιον
1749 1307 1792 1390 μὴ
1821 1307 1945 1370 ἁλῶναι.

299 1385 334 1496 ⁸21,
358 1416 575 1504 Kaprobarada,
599 1437 699 1500 quem
718 1415 910 1501 Lahmeyer
932 1414 1013 1480 dicit
1031 1413 1193 1480 Favorini
1214 1419 1318 1494 esse),
1342 1434 1482 1496 quarum
1503 1436 1572 1480 non
1592 1414 1691 1481 modo
1712 1425 1947 1500 argumentum

299 1471 309 1556 l
327 1499 337 1585 l
358 1536 392 1595 et
414 1527 605 1605 consilium,
635 1526 693 1593 sed
716 1528 817 1592 otiam
840 1525 992 1611 singulae
1020 1531 1133 1608 partos
1161 1544 1199 1589 ao
1221 1494 1283 1599 del
1305 1524 1429 1608 singuli
1456 1524 1522 1594 loci
1544 1535 1579 1591 et
1600 1527 1704 1592 verba
1730 1533 1800 1591 tam
1823 1527 1948 1593 similia

358 1639 428 1705 sint
449 1638 555 1705 libelli
578 1637 756 1721 (Pseudo)
780 1636 989 1713 Plutarohei,
1016 1642 1055 1701 ut
1076 1634 1162 1700 altor
1183 1633 1327 1699 alterum
1349 1641 1486 1718 putetur
1509 1638 1662 1702 consulto
1688 1636 1840 1703 imitatus
1862 1658 1946 1704 essa

360 1747 503 1834 Singula
529 1749 686 1833 exposuit
713 1748 931 1832 Lahmeyer3'
949 1746 1044 1811 illinc
1070 1744 1111 1811 de
1139 1745 1373 1812 universarum
1402 1746 1591 1812 orationum
1618 1748 1838 1814 similitudine
1865 1747 1946 1815 haec
1976 1801 1980 1804 -

358 1869 487 1946 repeto:
521 1859 569 1927 Ut
591 1857 773 1947 (Pseudo)
796 1858 999 1925 Plutarchus
1021 1856 1132 1934 docet,
1161 1856 1325 1921 Herodoti
1352 1856 1569 1924 historiarum
1595 1857 1699 1925 libros
1725 1860 1946 1943 malignitatis

358 1971 557 2037 documenta
573 1970 730 2034 exhibere
754 1968 899 2035 auctoris
921 1965 1187 2044 innumerabilia,
1211 1968 1259 2033 sic
1274 1968 1377 2033 Dioni
1399 1969 1464 2033 fuit
1485 1970 1695 2053 propositum
1717 1969 1946 2037 demonstrare

360 2101 431 2146 una
452 2081 602 2148 oratione
625 2078 804 2165 (Τρωικάς),
827 2079 1014 2145 Homerum
1036 2079 1116 2144 totis
1140 2078 1210 2144 suis
1234 2078 1436 2144 carminibus
1459 2078 1623 2145 mandacii
1642 2100 1682 2146 ac
1703 2080 1831 2146 fraudis
1852 2102 1946 2147 coar-

359 2194 426 2277 gui
473 2191 568 2258 Idam
595 2198 712 2257 auctor
741 2190 840 2276 (nam
870 2190 985 2273 plures
1017 2199 1156 2255 censent
1187 2189 1322 2267 Dionis,
1356 2209 1425 2254 non
1450 2189 1613 2255 Favorini
1645 2210 1720 2256 esse
1752 2192 1946 2271 orationem,

359 2323 443 2387 quac
470 2300 604 2367 insorib.
628 2299 778 2386 Τρωικός)
803 2302 840 2366 in
868 2300 1019 2366 oratione
1047 2299 1197 2366 Corinth.
1225 2300 1327 2365 fidem
1352 2298 1525 2365 Herodoto
1552 2300 1752 2385 derogatio
1778 2302 1878 2368 rebus
1905 2303 1947 2368 ad

359 2411 568 2479 Salaminem
590 2413 703 2496 gestia
740 2412 958 2494 Uterounque
980 2432 1063 2477 vcro
1085 2412 1230 2478 alterum
1250 2413 1401 2478 imitatus
1425 2421 1477 2477 est
1499 2412 1690 2494 (Plutarchi
1710 2413 1835 2479 librum
1857 2414 1946 2499 prio·

359 2545 431 2589 rem
453 2543 527 2589 essa
549 2522 758 2589 domonstrat
779 2521 999 2609 Lahmeyer),
1027 2522 1191 2606 ejusmodi
1216 2522 1358 2588 imitatio
1384 2524 1459 2607 ipsa
1484 2522 1594 2602 docet,
1623 2526 1709 2591 nihil
1730 2525 1945 2592 tribuendum

361 2656 435 2701 osse
461 2634 640 2700 consensui
667 2634 999 2711 commentationum,
1028 2654 1071 2700 ox
1098 2654 1179 2712 una,
1213 2641 1252 2700 ut
1277 2632 1425 2713 videtur,
1454 2617 1589 2701 officina
1609 2637 1850 2720 prosectarum,
1878 2639 1945 2702 for-

293 2789 296 2814 .
359 2755 449 2813 tasse
482 2746 656 2812 rhetorum
689 2743 815 2823 schola,
849 2745 885 2810 in
919 2766 984 2829 qua
1015 2752 1090 2810 tum
1121 2745 1256 2812 videtur
1288 2746 1450 2811 usitatum
1477 2746 1581 2813 fuisse
1608 2749 1774 2814 maximos
1801 2749 1945 2831 antiqui-

357 2857 439 2924 tatis
466 2865 620 2924 auctores
648 2876 784 2941 carpere
812 2877 849 2922 ac
877 2855 1048 2932 vellicare,
1075 2877 1185 2940 neque
1207 2877 1251 2921 ex
1273 2878 1326 2932 eo,
1354 2856 1442 2940 quod
1461 2857 1528 2924 Dio
1558 2859 1800 2943 epigrammata
1826 2858 1945 2925 Corin-

360 2967 480 3046 thiaoa,
503 2966 717 3051 a(Pseudo·)
733 2967 917 3033 Plutarcho
940 2968 1013 3033 sine
1036 2968 1182 3034 auctoris
1204 2968 1340 3033 nomine
1362 2967 1494 3045 tradita,
1517 2969 1685 3036 Simonidi
1703 2971 1834 3048 tribuit,
1856 2969 1947 3037 aliud

361 3078 571 3163 colligemus,
600 3078 668 3144 nisi
689 3078 801 3161 ipsum
823 3079 978 3155 fortasse,
1002 3099 1137 3144 eaesae
1161 3077 1358 3156 Simonidis,
1387 3078 1576 3146 credidisse.
1621 3079 1779 3147 Ceterum
1802 3081 1945 3148 novissia

360 3210 433 3255 mos
457 3210 605 3274 quosque
620 3196 731 3264 aetate
745 3189 899 3257 videmus
920 3187 1152 3275 paratissimos
1168 3210 1242 3255 esso
1257 3189 1299 3255 ad
1322 3188 1471 3255 ornanda
1485 3190 1727 3275 epigrammata
1747 3213 1945 3276 magnorum

359 3307 536 3385 poetarum
569 3300 774 3380 nominibus3
809 3311 847 3366 ut
878 3302 915 3366 in
947 3301 1000 3366 his
1037 3323 1122 3385 quae
1156 3300 1335 3384 (Pseudo)
1361 3301 1565 3367 Plutarchus
1597 3309 1632 3368 ot
1662 3302 1729 3369 Dio
1761 3304 1948 3370 omiserunt

357 3410 524 3479 Simonidi
553 3411 714 3490 tribuere,
742 3412 791 3479 eis
817 3413 854 3478 in
881 3411 1089 3496 Anthologia
1114 3411 1263 3478 additum
1291 3421 1344 3477 est
1365 3411 1449 3478 illud
1474 3413 1695 3498 ,zrpovaoo’t
1724 3435 1830 3479 unum
1856 3413 1946 3498 quod

361 3522 529 3606 reliquum
559 3529 631 3588 erat
657 3523 802 3589 anactoria
829 3523 965 3590 nomine
992 3544 1061 3588 non
1087 3523 1256 3607 signatum
1283 3524 1471 3610 (135tum),
1502 3534 1620 3592 nostra
1646 3531 1754 3591 aetate
1782 3522 1949 3590 Simonidi

358 3633 526 3700 tribuitur.

384 3825 389 3836 ,
461 3744 579 3829 Neque
607 3743 648 3810 de
670 3745 864 3811 testimonio
892 3744 1033 3829 elegiae,
1061 3747 1156 3829 cnjus
1178 3745 1378 3829 particulam
1405 3747 1504 3811 affert
1531 3745 1709 3828 (Pseudo)
1732 3744 1945 3822 Plutarchus,

358 3858 519 3940 maj0ram
551 3855 653 3922 fidem
693 3856 724 3921 ei
757 3854 944 3922 habendam
977 3876 1106 3922 censeo.
1161 3856 1305 3922 Videtur
1337 3856 1472 3940 quidem
1505 3857 1689 3924 editoribus
1722 3855 1779 3923 vel
1811 3856 1946 3923 aliunde

359 3967 549 4034 confirmari
582 3988 639 4032 eos
676 3987 796 4033 versus
827 3965 1011 4034 Simonidis
1045 3988 1128 4033 esse.
1175 3967 1262 4032 Nam
1295 3967 1332 4032 in
1357 3968 1529 4052 Apollonii
1561 3968 1671 4035 lexico
1701 3967 1788 4034 hom
1821 3968 1882 4034 sub
1914 3990 1945 4035 v.
1974 3971 1977 3978 ’

359 4078 528 4150 ξεινοδόκος
560 4077 823 4154 demonstratur,
862 4079 1038 4150 ξεινοδοιεῖν
1072 4078 1264 4162 significare
1295 4082 1467 4164 μαρτυρεῖν,
1507 4088 1606 4163 atquo
1648 4079 1732 4145 haec
1764 4078 1945 4145 adduntur:

359 4189 433 4274 φησὶ
459 4194 530 4273 γοῦν
553 4189 733 4274 Σιμωνίδης·
778 4189 965 4255 Ξεινοδόκων
993 4190 1018 4255 δ’
1043 4189 1162 4275 ἄριστος
1189 4191 1338 4276 ὁχρυσὸς
1365 4192 1396 4256 ἐν
1423 4191 1523 4276 αἰθέρι
1548 4191 1685 4276 λαμπρός
1718 4190 1824 4275 (quod
1850 4191 1944 4256 varie

359 4299 623 4367 emendaverunt
643 4300 797 4368 hominos
812 4301 924 4383 docti).
955 4300 1066 4383 Quem
1081 4322 1216 4367 versum
1239 4301 1304 4368 huc
1324 4303 1494 4388 portinere
1516 4311 1609 4369 ratus
1624 4302 1795 4388 Borghius
1817 4303 1944 4387 elegiae

359 4412 546 4495 fragmento
573 4414 753 4497 septimum
780 4411 908 4498 adjacit
958 4410 1214 4498 Speciosissima
1240 4434 1321 4478 sane
1347 4416 1551 4498 conjectura,
1580 4435 1700 4481 vacare
1727 4423 1840 4480 tamen
1870 4434 1944 4480 eam

222 4537 231 4554 ⁴
359 4521 457 4587 dubio
480 4524 683 4606 negaverim.
720 4523 809 4590 Nam
830 4523 1008 4591 admodum
1030 4531 1083 4591 est
1103 4525 1241 4602 mirum,
1268 4524 1357 4609 quod
1378 4526 1614 4606 illiatraditur
1633 4526 1681 4591 de'
1695 4548 1749 4591 vv.
1765 4523 1943 4601 ξεινοδόκος,

359 4633 533 4707 tractoria
561 4634 821 4719 significatione,
849 4657 970 4721 neque,
998 4636 1099 4702 liceat
1125 4636 1251 4702 efficias
1279 4629 1523 4721 interpretdndi
1550 4635 1705 4713 artificio,
1733 4642 1772 4700 ut
1798 4636 1945 4722 hospitem

360 4749 497 4834 campere
521 4744 610 4812 idem
638 4747 683 4811 sit
709 4754 809 4830 atquo
831 4760 932 4814 taam
953 4771 1026 4828 erae,
1054 4747 1117 4813 hoc
1144 4747 1272 4813 duobus
1299 4747 1452 4831 reliquis,
1480 4768 1565 4831 quae
1592 4746 1633 4812 ab
1656 4745 1836 4830 Apollonio
1863 4747 1943 4812 affe·

359 4865 490 4939 rantur,
512 4857 675 4943 exemplis
697 4858 833 4943 probari
854 4866 979 4943 potest;
1007 4859 1151 4926 alterum
1174 4859 1263 4926 enim
1286 4866 1339 4925 est
1359 4860 1598 4943 fragmentum,
1621 4879 1664 4923 ex
1687 4877 1751 4942 qno
1772 4855 1846 4924 re'm
1867 4878 1942 4942 por·
