4542 5617
2068 493 2718 569 -33—

805 717 969 761 num
1023 692 1489 781 gymnicorum
1533 701 1604 760 et
1657 695 2026 763 artificibus
2071 695 2421 781 scripsisse
2466 695 2848 764 Simonides
2886 696 3173 773 dicitur-3
3228 716 3314 761 ex
3375 713 3506 776 quo
3548 718 3828 765 numero
3873 698 3976 763 in-

802 805 1094 873 cluditur
1122 826 1257 871 uno
1288 826 1492 873 versu
1522 805 1645 872 No.
1683 805 1806 870 158
1836 804 2034 893 (Κρὴς
2066 805 2357 889 Ἄλκων),
2405 808 2690 892 singulis
2736 807 3039 874 distichis
3069 807 3133 872 Ν
3138 829 3194 874 ο.
3228 804 3353 872 152
3401 807 3649 893 (Πατρὶς
3682 809 3785 892 μὲν
3817 806 3974 894 Κόρ-

803 920 1017 1003 κυρα),
1067 916 1192 981 153
1239 915 1511 1000 (Ἴσθμια
1555 918 1654 981 καὶ
1697 916 1952 1000 Πυθοῖ),
2009 918 2132 983 154
2179 916 2397 1002 (Εἰπὸν
2440 919 2547 996 τίς,
2594 920 2754 989 τίνος
2798 918 2975 1003 ἐσσί).
3062 916 3278 984 Video
3322 918 3487 984 haec
3531 939 3792 1003 quoque
3838 920 3975 1005 epi-

804 1034 1177 1113 grammata
1221 1048 1377 1093 suos
1421 1026 1800 1093 laudatores
1855 1028 2131 1107 habere,
2188 1029 2303 1112 qui
2348 1050 2579 1096 eorum
2623 1030 2906 1096 artificio
2952 1028 3307 1113 gaudeant.
3394 1028 3554 1109 Sint
3606 1050 3768 1096 sane
3813 1031 3975 1096 arti-

805 1139 1061 1219 ficiosa;
1117 1138 1496 1225 putaverim
1549 1145 1778 1204 tamen
1833 1139 2139 1224 quemvis
2193 1138 2606 1206 eruditorum
2652 1140 3067 1207 Graecorum
3117 1140 3282 1205 talia
3331 1147 3604 1206 tornare
3654 1141 3975 1225 potuisse,

807 1250 1030 1335 qualia
1083 1255 1243 1316 sunt
1294 1270 1397 1334 ep.
1442 1248 1568 1314 126
1622 1256 1692 1314 et
1746 1247 1872 1314 158
1927 1248 2136 1336 (Κρὴς
2168 1248 2411 1315 Ἄλκων
2465 1250 2730 1335 Διδύμου
2788 1251 3003 1337 Φοίβῳ
3060 1249 3274 1336 στέφος
3316 1248 3530 1334 Ἴσθμι’
3596 1251 3751 1316 ἑλὼν
3818 1251 3975 1337 πύξ).

804 1360 994 1427 Idem
1047 1358 1129 1428 de
1176 1381 1275 1445 ep.
1322 1359 1446 1425 165
1500 1358 1853 1427 dicendum
1898 1369 2005 1427 est
2048 1361 2286 1449 (Σῶσος
2330 1363 2433 1426 καὶ
2478 1360 2729 1445 Σωσώ),
2787 1360 2962 1447 quod
3004 1360 3351 1428 Bockhius
3409 1358 3635 1446 (Corp.
3678 1362 3878 1428 inser.
3920 1361 3974 1440 1,

804 1472 927 1539 No.
974 1472 1170 1555 1051)
1217 1481 1286 1537 et
1330 1469 1803 1539 Schneidewin
1849 1470 2196 1540 Simonide
2239 1473 2590 1557 indignum
2633 1479 2894 1558 putant,
2938 1472 3280 1556 Bergkius
3321 1492 3459 1538 non
3498 1470 3868 1557 indignum.

1009 1582 1120 1649 Ab
1149 1582 1248 1650 eis
1279 1583 1781 1667 epigrammatis
1825 1582 2263 1662 brevissimis,
2311 1605 2479 1667 quae
2509 1591 2777 1669 praeter
2806 1605 3120 1651 numeros
3150 1583 3324 1649 nihil
3350 1584 3491 1649 fere
3534 1582 3802 1663 habent,
3848 1605 3977 1668 quo

762 1756 768 1761 .
803 1693 1117 1762 recedant
1160 1715 1202 1761 a
1245 1694 1584 1760 communi
1624 1715 1811 1760 more
1855 1694 2232 1773 vei-borum,
2286 1694 2488 1780 plane
2532 1702 2691 1762 sunt
2735 1694 3004 1762 diversa
3044 1693 3110 1760 N
3112 1717 3169 1761 ο.
3217 1693 3341 1759 112
3387 1694 3796 1780 (Μνήσομαι),
3854 1694 3979 1761 120

806 1805 1034 1887 (Αἰδὼς
1076 1808 1175 1871 καὶ
1222 1794 1642 1890 Κλεόδαμον),
1689 1804 1813 1871 123
1859 1806 1900 1889 (¹
1915 1804 2157 1871 Ενῦάδε
2201 1805 2637 1890 Πυθώνακτα),
2689 1808 2840 1891 ipsa
2881 1828 3141 1891 quoque
3184 1807 3259 1871 in
3302 1806 3719 1891 singulorum
3762 1806 3977 1872 homi-

804 1938 970 1984 num
1011 1917 1279 1984 laudem
1324 1917 1589 2002 scripta.
1675 1917 1903 2001 Atque
1957 1916 2029 1982 in
2083 1917 2188 1984 his
2244 1939 2391 2002 epp.
2437 1919 2732 2004 assurgit
2773 1918 2988 1986 oratio
3034 1924 3104 1984 et
3144 1918 3647 2001 magnificentia
3697 1939 3975 2004 pompa-

803 2048 931 2113 que
960 2028 1246 2113 insignis
1291 2034 1422 2107 est3
1470 2026 1643 2112 quod
1686 2028 1979 2095 maxime
2025 2030 2452 2114 cognoscitur
2480 2051 2567 2095 ex
2595 2051 2696 2114 ep.
2728 2027 2871 2094 112.
2945 2028 3291 2096 Simillimi
3336 2029 3732 2113 argumenti,
3778 2035 3977 2114 atque

805 2137 928 2204 hoc
972 2137 1412 2223 epigramma,
1467 2137 1669 2207 aliud.
1702 2145 1889 2205 extat
1934 2136 2396 2206 Simonideum
2434 2138 2560 2206 No.
2606 2140 2759 2217 111,
2814 2139 2992 2224 apud
3035 2138 3332 2225 Thucyd.
3379 2139 3510 2218 VI,
3564 2139 3650 2205 59
3693 2138 3977 2224 (Ἀνδρὸς

805 2250 1301 2336 ἀριστεύσαντος).
1391 2249 1476 2315 In
1526 2255 1811 2335 utroque
1863 2258 2101 2336 poetae
2155 2259 2262 2317 est
2311 2249 2731 2336 propositum
2786 2248 3124 2316 celebrare
3176 2224 3572 2316 memoriam
3625 2248 3976 2316 defunctae

800 2361 1090 2427 feminae
1134 2381 1172 2428 e
1215 2380 1459 2444 genere
1503 2362 1683 2427 inter
1726 2360 2025 2428 Graecos
2070 2362 2505 2430 nobilissime.
2562 2362 2662 2442 At
2706 2382 2906 2445 quam
2949 2360 3220 2429 diversa
3261 2368 3423 2428 sunt
3466 2361 3988 2446 epigrammatal

803 2469 1069 2539 Sonans
1111 2471 1252 2538 illic
1299 2479 1405 2539 est
1448 2470 1824 2551 excidium,
1870 2472 2045 2556 quod
2090 2495 2220 2558 quo
2263 2475 2517 2557 majore
2564 2473 2634 2538 vi
2680 2474 3012 2550 efferatur,
3057 2473 3347 2558 primam
3390 2494 3628 2541 vocem
3673 2472 3976 2556 sequitur

799 2580 1188 2649 distinctum
1219 2583 1682 2664 intervallum3
1725 2582 1954 2652 verbis
2001 2585 2203 2651 etiam
2231 2586 2447 2671 magis
2477 2582 2871 2651 sonantibus
2903 2590 2973 2649 et
3002 2584 3401 2650 sublimibus
3447 2583 3811 2650 dominatio
3840 2583 3973 2649 Pe-

799 2692 1052 2759 riandri
1065 2702 1507 2774 memoratur,
1552 2716 1751 2779 quem
1794 2694 2135 2780 praedicat
2161 2696 2370 2762 fuisse
2399 2696 2829 2781 Xanthippae
2875 2695 3141 2780 generis
3187 2702 3545 2762 auctorem.
3618 2694 3700 2760 Id
3728 2702 3973 2774 autem,

800 2804 857 2869 si
911 2818 1218 2871 accurate
1272 2826 1419 2872 rem
1473 2805 1783 2890 inspicis,
1850 2826 2062 2871 unum
2116 2813 2247 2885 est,
2315 2806 2492 2892 quod
2555 2805 2774 2873 laudis
2827 2806 3261 2891 Xanthippae
3315 2805 3568 2873 tribuit.
3656 2806 3973 2872 Alterum

800 2925 1034 2983 contra
1076 2918 1491 3003 epigramma
1519 2918 1708 3005 (111)
1753 2939 1955 2986 verae
1997 2917 2214 2988 laudis
2259 2920 2473 2986 multo
2518 2919 2672 3004 plus
2715 2919 2789 2983 in
2819 2917 3240 2984 Archedicen
3284 2938 3653 3001 congerens
3693 2953 3776 2964 -
3816 2937 3974 2981 nam

797 3035 1063 3113 praeter
1106 3050 1322 3114 genus
1366 3028 1862 3097 nobilissimum
1906 3030 2127 3104 virtus
2171 3029 2579 3097 Archedices
2624 3029 3027 3106 celebratur,
3073 3027 3441 3095 moderatio
3488 3064 3569 3076 —-
3615 3026 3974 3095 verborum

801 3147 1109 3207 ornatum
1151 3140 1355 3207 habet
1398 3139 1749 3208 modicum.
1835 3142 2139 3208 Possunt
2191 3142 2416 3208 nescio
2472 3162 2641 3226 quae
2695 3161 2934 3207 causae
2980 3140 3308 3225 conquiri,
3365 3161 3483 3206 cur
3527 3146 3666 3205 tam
3708 3137 3977 3206 diversa

803 3250 944 3317 sint
993 3251 1159 3318 haec
1203 3252 1333 3319 duo
1375 3251 1860 3337 epigrammata
1899 3251 1974 3317 in
2018 3252 2363 3319 simillima
2397 3273 2473 3318 re
2515 3253 2861 3320 versantia
2869 3273 2888 3332 ;
2943 3251 3251 3336 equidem
3303 3252 3379 3317 in
3431 3250 3775 3316 notatione
3828 3251 3974 3335 ejus

800 3360 1371 3430 dissimilitudinis
1415 3363 1781 3448 acquiesco.

1003 3473 1221 3541 Plane
1263 3473 1441 3541 idem
1487 3474 1812 3541 orationis
1855 3495 2068 3560 genus
2113 3479 2315 3558 atque
2359 3481 2465 3540 est
2507 3472 3009 3558 epigrammatis
3058 3473 3199 3552 111,
3243 3472 3312 3553 id
3356 3471 3526 3551 dico,
3572 3471 3749 3556 quod
3792 3468 3973 3539 inter

788 3585 1099 3670 jejunum
1143 3584 1592 3672 frigidumque
1637 3592 1706 3652 et
1747 3586 1927 3652 inter
1980 3584 2495 3669 grandiloquum
2548 3583 3012 3668 tumidumque
3054 3583 3350 3650 medium
3392 3584 3822 3668 interjectum
3868 3587 3975 3650 est

798 3696 1162 3776 modicum,
1215 3696 1540 3763 habemus
1591 3698 1666 3762 in
1718 3719 1819 3783 ep.
1863 3698 1947 3763 94
1993 3696 2252 3782 (Μνῆμα
2295 3697 2437 3762 τόδε
2478 3698 2735 3763 κλεινοῖο
2782 3694 3119 3781 Μεγιστία),
3165 3695 3485 3775 omnium,
3532 3716 3701 3781 quae
3748 3693 3969 3762 Simo-

798 3807 975 3874 nidis
1018 3802 1347 3887 feruntur,
1393 3808 1646 3894 optimo
1690 3810 2077 3875 testimonio
2122 3809 2606 3875 confirmatum.
2691 3806 2869 3873 Nam
2911 3827 3051 3874 non
3096 3805 3313 3872 solum
3358 3814 3584 3874 exstat
3625 3805 3802 3892 apud
3829 3806 3969 3872 He-

797 3918 1108 3987 rodotum
1155 3919 1340 4004 (VII,
1386 3918 1571 4004 228),
1631 3919 1749 3987 sed
1793 3920 1996 3987 etiam
2041 3918 2411 3985 Simonidis
2464 3914 2713 3984 nomen
2766 3925 2871 3983 est
2914 3917 3213 3985 additum
3268 3917 3352 3985 ab
3407 3917 3639 3985 eodem
3684 3925 3972 3984 auctore.

798 4030 951 4097 Hoc
994 4030 1203 4114 igitur
1244 4036 1513 4116 praeter
1557 4039 1779 4098 cetera
1822 4031 1953 4098 erit
1992 4030 2301 4115 dignum,
2355 4030 2532 4115 quod
2574 4028 2964 4113 diligentius
3016 4036 3400 4094 tractemus.
3484 4028 3782 4095 Mortem
3823 4028 3969 4094 Me-

799 4140 1039 4224 gistiae
1090 4148 1292 4226 poeta
1343 4149 1576 4208 narrat
1628 4141 2051 4225 simpliciter,
2116 4140 2346 4209 verbis
2400 4162 2441 4205 a
2501 4137 2887 4224 quotidiano
2943 4160 3250 4205 sermone
3304 4140 3424 4206 vix
3476 4138 3942 4206 recedentibus
3952 4159 3970 4217 ;

797 4250 1063 4318 laudem
1106 4251 1291 4319 addit
1332 4274 1469 4319 non
1523 4253 1825 4339 generali
1876 4253 2101 4337 aliqua
2152 4251 2491 4318 sententia
2530 4249 2917 4316 distinctam
2961 4269 3086 4316 nec
3137 4250 3430 4335 positam
3474 4250 3546 4315 in
3592 4270 3715 4317 sua
3755 4249 3971 4333 ipsius

801 4362 1133 4447 opinione,
1180 4363 1298 4430 sed
1344 4365 1636 4432 oblatam
1680 4385 1908 4430 rerum
1947 4364 2248 4449 ipsarum
2295 4362 2685 4429 condicione
2730 4361 2931 4427 hanc:
2982 4382 3422 4445 „quamquam
3452 4382 3592 4427 non
3619 4359 3974 4446 ignorabat

798 4473 938 4538 fata
978 4474 1453 4560 impendentia,
1499 4482 1725 4542 tamen
1770 4475 1990 4541 noluit
2031 4472 2232 4540 duces
2279 4472 2642 4540 deserere”.
2714 4471 2799 4537 In
2844 4471 3008 4540 solis
3051 4472 3279 4540 verbis
3310 4471 3521 4558 Κῆρας
3565 4471 3973 4559 ἐπερχομένας

798 4582 1002 4651 dictio
1054 4584 1404 4669 paululum
1448 4586 1671 4671 vergit
1714 4585 1796 4651 ad
1851 4585 2182 4671 poeticam
2225 4584 2656 4670 elegantiam3
2711 4591 2980 4668 praeter
3031 4583 3101 4650 id
3152 4584 3325 4650 nihil
3377 4584 3677 4668 poeticae
3730 4604 3972 4667 operae

794 4693 976 4762 inest
1017 4696 1151 4762 nisi
1195 4697 1462 4764 numeri
1507 4705 1577 4764 et
1619 4697 1880 4782 aliquae
1927 4694 2288 4763 verborum
2329 4697 2600 4762 formae.
2628 4731 2715 4743 ——
2757 4694 2870 4761 Ad
2912 4694 3113 4779 hujus
3157 4695 3425 4778 generis
3464 4692 3975 4760 similitudinem

796 4804 1053 4873 accedit
1084 4827 1196 4892 ep.
1245 4806 1368 4873 125
1413 4807 1720 4895 (Ἀργεῖος
1763 4808 2042 4893 Δάνδης).
