4542 5617
2020 436 2671 509 —10-.

765 639 893 703 don
937 639 1293 703 θεὼ-1111011
1339 634 1471 723 (1131·1
1498 637 1911 703 Pronomina
1954 637 2127 708 οὗτος
2168 637 2307 704 und
2351 636 2455 701 ὅδε
2498 639 2606 705 bei
2651 639 2935 716 Homer,
2981 660 3088 724 pg.
3137 639 3215 702 11
3262 640 3435 724 sqq.)
3481 639 3674 706 docet
3714 642 3923 708 inter-

761 747 993 813 oodoro
1061 751 1237 811 inter
1301 769 1534 831 pronn.
1580 748 1760 840 obi-oq
1801 757 1872 813 et
1925 748 2031 818 σός
2082 749 2155 812 in
2207 749 2589 815 Homericis
2646 749 3085 826 carminibus,
3152 758 3231 814 ut
3292 760 3523 817 nostro
3578 753 3724 836 jam
3780 754 3924 820 loco

761 859 934 931 οὗτος
977 859 1193 943 χρόνος
1241 879 1374 922 non
1419 858 1510 922 sit
1552 861 1688 940 hoc,
1735 882 1853 946 quo
1899 883 2060 923 nuno
2101 884 2328 939 sumu-⁴3,
2375 872 2627 947 tempu&
2674 859 2792 926 sed
2833 861 3008 937 illud,
3055 863 3217 946 quod
3260 863 3372 926 tibi
3412 874 3495 926 eet
3538 865 3924 945 destinatum,

761 991 929 1051 quae
997 971 1352 1051 explicatio
1417 979 1772 1053 propterea
1824 969 1972 1035 11.1.
2026 970 2248 1048 minus
2312 971 2658 1055 probetur,
2724 971 2926 1055 quod,
2994 972 3050 1036 si
3106 978 3211 1037 est
3264 972 3436 1043 οὗτος
3487 974 3702 1058 χρόνος
3765 975 3927 1042 haec
4023 1051 4030 1057 ‚

765 1079 1141 1143 mortalium
1193 1083 1354 1156 rita,
1399 1101 1534 1144 non
1577 1081 1802 1147 minus
1846 1081 1915 1144 in
1959 1101 2040 1145 ea
2080 1089 2392 1148 versatur
2433 1090 2633 1166 poeta
2677 1082 2849 1166 ipse,
2897 1083 3085 1166 cujus
3131 1091 3291 1147 sunt
3332 1084 3556 1161 verba,
3603 1106 3802 1168 quam
3846 1087 3923 1163 ie,

765 1199 957 1275 qoem
1005 1191 1297 1275 apponat
1342 1190 1634 1257 secunda
1675 1212 1981 1275 persona.
2070 1189 2207 1257 Sed
2248 1192 2594 1258 videamus
2640 1193 2893 1276 potius,
2948 1214 3111 1257 num
3156 1201 3313 1276 post
3353 1200 3655 1258 nostram
3698 1195 3925 1261 obser-

761 1303 1133 1375 vationem,
1189 1323 1353 1383 quae
1397 1324 1524 1368 usu
1565 1303 1821 1368 nitatur
1874 1302 2226 1386 permultis
2282 1303 2449 1369 locis
2494 1305 2949 1388 comprobatO,
3006 1303 3201 1368 aliter
3245 1312 3443 1386 atque
3497 1314 3696 1370 antea
3738 1305 3923 1372 locus

765 1415 853 1479 sit
897 1412 1450 1495 interpretandus.
1537 1413 1828 1479 Dixerat
1871 1422 2073 1498 poeta
2119 1434 2159 1478 a
2200 1436 2261 1480 v.
2310 1414 2435 1481 109
2477 1413 2640 1479 haec
2683 1416 2849 1479 fere:
2897 1435 3165 1499 sperare
3212 1436 3301 1491 se,
3347 1416 3477 1480 nisi
3522 1415 3712 1481 Deus
3755 1416 3921 1482 Hie-

765 1547 993 1591 ronom
1037 1527 1169 1587 [tito
1213 1523 1583 1602 defecisset,
1629 1545 1875 1590 novam
1919 1546 1993 1589 se
2038 1526 2182 1609 ejus
2227 1524 2720 1590 celebraturum
2764 1526 3135 1591 victoriam.
3193 1525 3299 1590 Ea
3341 1546 3509 1610 quae
3555 1537 3927 1609 sequuntur

761 1635 965 1703 verba
1013 1639 1173 1719 (ἐμοὶ
1221 1639 1322 1717 μὲν
1371 1636 1452 1699 ῶν
1499 1684 1817 1702 ......
1860 1635 2133 1720 πόρσιον)
2179 1634 2661 1720 digressionem
2708 1637 3087 1711 continent,
3142 1635 3226 1701 ad
3281 1657 3480 1719 quam
3523 1657 3686 1702 ansa
3727 1637 3925 1704 datur

761 1751 1385 1811 commemoratione
1430 1745 1834 1826 celebrandi3
1891 1746 1975 1814 ad
2020 1746 2189 1812 illud
2241 1746 2417 1812 unde
2473 1745 2815 1831 digressus
2860 1754 3007 1812 erat
3059 1755 3261 1830 poeta
3289 1750 3435 1831 jam
3477 1747 3652 1813 redit
3695 1747 3923 1814 verbis

761 1859 853 1943 εἴη
902 1859 969 1923 σέ.
1013 1883 1073 1923 τε
1117 1867 1320 1923 too-:ov
1377 1858 1531 1943 ὑψοῦ
1583 1857 1802 1943 χρόνον
1846 1861 2052 1923 πατεῖν
2098 1865 2241 1933 etc„
2289 1878 2457 1941 quae
2501 1880 2623 1924 nos
2658 1859 2800 1941 jam
2849 1858 2943 1922 sic
2988 1858 3537 1941 interpretamur:
3591 1879 3713 1942 per
3755 1857 3922 1924 illud

761 1979 1053 2051 tonqms,
1121 1971 1161 2035 i.
1205 1991 1257 2031 o.
1313 1968 1472 2033 dum
1523 1968 1653 2033 huc
1705 1977 2050 2033 revertero
2105 1968 2190 2034 ad
2252 1990 2500 2034 novam
2554 1978 2740 2034 tuam
2793 1968 3147 2034 victoriam
3213 1967 3702 2046 celebrandam,
3770 1969 3924 2033 vale

761 2079 1041 2147 sublimo
1089 2079 1428 2155 inoodons,
1476 2089 1555 2146 ut
1598 2089 1703 2144 est
1743 2101 1996 2164 regum.
2068 2080 2181 2145 Ex
2225 2079 2349 2146 hac
2376 2081 2584 2163 igitur
2613 2078 3164 2162 interpretatione
3195 2100 3380 2162 pron.
3413 2079 3587 2149 οὗτος
3630 2080 3922 2162 anapho-

761 2191 893 2255 rioo
941 2191 1045 2255 vol
1105 2191 1380 2257 relative
1426 2196 1530 2255 cst
1581 2190 1835 2255 dictum
1890 2191 2175 2272 (utravis
2223 2211 2388 2256 voce
2440 2190 2641 2256 liceat
2681 2190 2860 2255 infra
2911 2210 3171 2273 quoque
3223 2190 3323 2255 uti
3378 2189 3460 2255 de
3510 2190 3921 2274 pronomine,

761 2323 889 2383 quo
957 2303 1369 2383 signifiootur
1430 2324 1540 2368 res
1591 2303 1738 2386 jam
1793 2309 2339 2381 commemorata;
2405 2301 2831 2385 Apollonius:
2899 2301 3331 2387 ἀναφορικῶς);
3397 2322 3598 2384 quam
3650 2302 3708 2365 si
3774 2302 3922 2384 quis

761 2411 937 2475 dicat
981 2415 1177 2475 nimis
1225 2433 1456 2495 sapere
1502 2412 1790 2478 solutam
1837 2413 2223 2489 orationem,
2267 2412 2329 2477 is
2371 2410 2786 2478 revocandus
2832 2413 2962 2477 erit
3004 2411 3085 2477 ad
3128 2411 3323 2480 Pind.
3363 2411 3565 2497 Pyth.
3611 2413 3771 2491 XII,
3815 2412 3921 2489 30,

761 2523 877 2587 ubi
921 2523 1089 2591 οὗτος
1133 2523 1351 2607 χρόνος
1395 2523 1539 2587 sine
1583 2521 1781 2587 dubio
1829 2530 1933 2588 est
1981 2521 2186 2598 „illud
2227 2522 2544 2606 tempus''.

969 2635 1277 2699 Alterum
1319 2633 1570 2709 locum,
1624 2632 1739 2716 qui
1791 2631 1874 2697 ad
1924 2632 2026 2711 ΙΙ,
2083 2637 2148 2715 a)
2204 2633 2556 2717 pertinens
2612 2610 2971 2717 separatim
3026 2632 3116 2697 sit
3157 2632 3641 2715 inspiciendus,
3694 2633 3926 2700 inveni
3973 2655 3984 2672 ·

765 2745 1001 2811 Aes-oh,
1049 2747 1243 2811 Eum.
1293 2767 1350 2811 v.
1395 2744 1543 2821 684,
1586 2744 1703 2811 ubi
1743 2744 1973 2810 Pallas
2018 2744 2101 2810 ad
2145 2746 2333 2810 cives
2375 2744 2641 2809 Atticos
2687 2764 3013 2809 conversa
3054 2743 3219 2810 haec
3262 2742 3446 2809 dicit:

1473 2880 1617 2946 683.
1693 2878 1908 2945 Ἔσται
1953 2880 2018 2944 δὲ
2060 2881 2161 2944 καὶ
2201 2880 2270 2943 τὸ
2320 2880 2526 2944 λοιπὸν
2569 2878 2807 2961 Αἰγέως
2850 2886 3085 2965 στρατῷ·

1470 2992 1614 3057 684.
1702 2993 1797 3057 ἀεὶ
1841 2995 2130 3057 δικαστῶν
2175 2995 2398 3055 τοῦτο
2447 2991 2894 3077 βουλευτήριον.

969 3139 1041 3203 Si
1093 3139 1420 3203 oredimus
1465 3136 1858 3219 quibusdam
1902 3135 2383 3219 interpretibus
2431 3134 2543 3222 (cf.
2575 3134 2762 3218 Pape
2791 3134 3095 3199 Lexicon
3138 3156 3201 3200 v.
3236 3134 3677 3221 βουλευτήριον,
3724 3156 3925 3219 quam

761 3271 993 3315 vooom
1057 3251 1181 3315 hoo
1233 3251 1376 3315 loco
1432 3247 1623 3312 docet
1674 3247 1902 3314 valere
1960 3245 2456 3328 „Rathhaus”),
2512 3244 2574 3310 h.
2619 3246 2661 3310 1.
2715 3246 2935 3329 prima
2989 3265 3277 3327 persona
3330 3243 3731 3323 aedificium,
3788 3266 3920 3330 quo

761 3363 905 3443 ipso.
969 3363 1205 3439 utitur,
1289 3360 1619 3443 significat
1683 3357 1904 3423 addito
1977 3357 2374 3441 pronomine
2440 3356 2639 3435 οὗτος,
2719 3377 2871 3420 cum
2938 3356 3155 3421 simile
3220 3377 3548 3440 nusquam
3623 3359 3918 3442 reperias

761 3471 933 3555 apud
989 3471 1395 3555 antiquiores
1447 3480 1696 3553 poetas.
1781 3470 2094 3534 Potestas
2139 3467 2305 3532 mihi
2338 3468 2483 3550 jam
2526 3467 2631 3540 fit,
2687 3488 2773 3531 ex
2817 3466 3282 3533 observatione
3325 3489 3477 3531 mea
3519 3466 3918 3550 dijudicandi

761 3583 1125 3647 sententias
1173 3591 1653 3648 controversas.
1719 3581 1843 3645 Eis
1886 3580 2095 3664 igitur
2138 3578 2464 3662 astipulor
2506 3577 2970 3660 interpretum,
3016 3579 3129 3660 qui
3174 3587 3451 3643 censent
3495 3578 3916 3664 βουλευτήριον

757 3695 885 3759 isto
933 3695 1077 3759 looo
1125 3715 1254 3759 non
1303 3692 1676 3757 aedificium
1720 3712 1885 3768 esse,
1932 3689 2048 3755 sed
2080 3688 2411 3773 judicium
2454 3687 2566 3753 vel
2599 3688 2902 3772 judicum
2948 3687 3323 3772 collegium.

965 3807 1069 3871 Ad
1117 3807 1201 3879 H,
1253 3827 1301 3867 o.
1386 3802 1588 3887 Apud
1632 3800 1942 3887 Sophocl.
1988 3799 2151 3866 Oed.
2199 3798 2343 3865 Col.
2390 3799 2833 3863 1356—1357
2888 3798 3053 3865 haec
3097 3807 3257 3864 sunt
3296 3798 3504 3864 verba
3546 3796 3789 3883 Oedipi
3834 3797 3918 3863 ad

761 3919 1153 4003 Polyninem
1201 3915 1533 3981 eonversi:

1569 4021 1676 4105 ‘rev'
1713 4041 1892 4112 αὐτὸς
1933 4040 2115 4105 αὑτοῦ
2159 4036 2387 4121 πατέρα
2430 4035 2585 4100 τόνδ’
2631 4036 2947 4120 ἀπήλασας

1569 4151 1843 4239 κᾶθηκας
1887 4151 2097 4215 ἄπολιν
2143 4151 2243 4213 καὶ
2289 4149 2503 4218 στολὰς
2544 4149 2812 4250 ταύταξ
2852 4154 3079 4235 φορεῖν,

761 4299 829 4363 in
881 4299 1121 4379 quihus
1169 4323 1277 4363 vv.
1319 4297 1539 4367 ταύτας
1582 4298 1796 4367 στολάς
1848 4271 2010 4362 sane
2065 4294 2453 4378 significant
2502 4303 2791 4369 vestem,
2848 4314 2979 4377 qua
3022 4291 3322 4377 Oedipus
3374 4300 3521 4358 tum
3572 4294 3717 4379 ipse
3773 4302 3919 4360 erat

757 4407 1057 4486 indut.us;
1105 4419 1173 4475 at
1217 4408 1594 4491 insequenti
1635 4428 1841 4473 versu
1881 4406 2045 4471 haec
2088 4404 2295 4470 addit:
2344 4405 2414 4474 ἃς
2456 4408 2555 4468 νῦν
2602 4405 2870 4489 δακρύεις
2914 4405 3178 4488 εἰςορῶν,
3227 4404 3464 4487 quibus
3509 4425 3664 4470 cum
3704 4406 3915 4489 respi-

757 4523 969 4583 oiatur
1013 4519 1093 4583 ad
1129 4543 1185 4587 11.
1225 4519 1403 4596 1258,
1447 4518 1564 4584 ubi
1607 4517 1969 4602 Polynices
2012 4516 2289 4593 dixerat,
2336 4536 2408 4581 se
2451 4514 2797 4598 deplorare
2842 4527 3102 4600 patrem
3148 4537 3377 4581 senem
3420 4515 3663 4581 detrita
3707 4513 3913 4581 sordi-

757 4631 969 4715 daque
1017 4643 1201 4695 vesto
1249 4638 1516 4706 tectum,
1561 4636 1839 4714 apparet
1882 4650 1943 4694 v.
1985 4627 2202 4701 ταύτας
2244 4648 2394 4692 esse
2435 4625 2498 4690 h.
2544 4625 2585 4692 l.
2632 4626 3035 4711 anophorice
3080 4626 3342 4692 dictam.

965 4741 1185 4823 Quam
1241 4740 1548 4825 roligiose
1591 4740 1759 4806 illud
1801 4739 2083 4806 duorum
2125 4759 2365 4823 pronn.
2417 4736 2775 4804 discrimen
2829 4739 2938 4804 vel
2983 4759 3024 4803 a
3067 4737 3284 4822 poetis
3335 4736 3426 4801 sit
3469 4734 3914 4814 observatum,

759 4875 913 4919 oum
957 4879 1041 4923 ox
1085 4851 1314 4919 multis
1359 4851 1538 4929 aliie,
1590 4861 1736 4918 tum
1780 4873 1865 4918 ex
1917 4850 2024 4917 his
2075 4849 2335 4916 duobus
2378 4849 2545 4916 locis
2596 4849 3015 4932 intellegitur
3059 4845 3265 4931 Soph.
3307 4846 3592 4913 Philoct.
3637 4846 3805 4913 1056
3847 4853 3917 4911 et
