4542 5617
316 704 1642 792 111111111111111,1111111111111111111111111,1111111111
1673 724 1826 769 sermone
1860 701 1901 768 de

310 817 455 906 justitia
497 818 659 902 Legimus
680 817 784 902 igitur
806 815 894 900 apud
915 816 1093 882 Platonem
1116 816 1171 882 Dc
1192 815 1335 901 Republ
1358 812 1902 893 Ι,13511.,111ς111

317 935 364 1016 φῆ
389 927 600 1014 Σιμωνίδην
584 953 603 1011 η
630 926 743 994 Βίαντα
771 927 791 1013 ἢ
819 926 1012 994 Πιττακὸν
992 951 1011 1014 η
1040 927 1091 992 τιν’
1119 927 1210 992 ἄλλον
1237 933 1295 991 τῶν
1324 932 1426 1012 σοφῶν
1454 950 1486 991 τε
1513 864 1631 991 καὶ.
1595 927 1748 1010 μακαρίων
1777 925 1902 1009 ἀνδρῶν.
1930 953 1936 960 ·

318 1038 470 1106 Videte
458 1061 544 1126 pam,
572 1061 636 1124 quo
663 1039 736 1105 loco
758 1039 891 1105 sitista
917 1037 957 1103 dc
980 1035 1164 1104 Simonidis
1191 1037 1340 1104 moribus
1368 1038 1532 1121 quaesti0;
1559 1035 1629 1102 illic
1654 1037 1760 1102 aniles
1787 1056 1903 1101 nerra-

320 1149 486 1220 tiunculae
513 1150 766 1220 scholiasterum
795 1149 931 1215 serioris
958 1150 1093 1227 aetatis,
1119 1147 1174 1213 hio
1200 1148 1355 1213 Platonis
1382 1147 1455 1213 laus
1484 1147 1688 1232 philosophi,
1721 1168 1821 1230 quem
1849 1143 1903 1214 Si-

318 1260 444 1330 monidi
466 1262 616 1347 impertit
637 1269 676 1328 ut
697 1261 842 1347 sapienti
864 1260 906 1326 de
922 1260 1076 1344 justitiae
1095 1258 1131 1325 vi
1152 1280 1191 1325 ao
1212 1267 1332 1326 natura
1348 1258 1463 1342 judici.
1492 1259 1583 1324 Num
1604 1259 1691 1325 forte
1713 1259 1904 1343 putabimus

317 1372 505 1452 Platonem,
530 1374 656 1458 optimo
678 1380 849 1439 versatum
871 1371 907 1437 in
931 1369 1114 1437 Simonidis
1137 1376 1172 1436 et
1194 1370 1397 1437 carminibus
1419 1376 1454 1436 et
1467 1369 1625 1446 moribus,
1649 1391 1689 1435 ca
1709 1368 1807 1437 laude
1827 1392 1905 1438 eum

318 1485 515 1554 effecturum
541 1485 661 1562 fuisse,
690 1481 1084 1558 111111Τ11111111111111
1111 1502 1173 1547 111
1198 1481 1296 1548 laude
1323 1480 1513 1548 fraudasset
1539 1479 1714 1547 Adimanti
1736 1480 1904 1548 Corinthii

317 1594 446 1682 gretie?
481 1593 525 1664 In
546 1602 658 1679 partes
680 1593 823 1680 denique
839 1614 924 1661 voco
940 1615 1057 1660 eorum
1074 1592 1131 1676 qui
1148 1591 1246 1659 hodie
1264 1599 1343 1660 sunt
1357 1592 1550 1659 criticorum
1561 1592 1790 1658 testimonium
1805 1591 1905 1676 idque

318 1704 555 1794 gravissimum
570 1705 793 1791 Bernhardyi,
816 1703 1237 1790 11111111(Π,1ς.620),
1253 1706 1331 1788 jure
1348 1703 1532 1770 Simonidis
1549 1702 1746 1788 dignitatem
1768 1704 1805 1769 in
1827 1724 1906 1770 con·

318 1815 520 1886 trever-siam
534 1818 648 1884 vocari
662 1817 718 1884 vel
733 1816 899 1901 poeticam
912 1836 1050 1901 operam
1072 1815 1259 1899 suspectari
1280 1816 1376 1899 quasi
1397 1815 1434 1880 in
1456 1814 1574 1881 servili
1594 1814 1782 1881 ministerio
1805 1814 1906 1881 colle-

320 1931 438 2002 cetam,
461 1947 569 2010 neque
585 1925 737 1994 concedit
723 1930 819 2016 t·(pg
835 1925 912 2009 621)
934 1926 1035 1991 ineis
1058 1945 1143 2009 quae
1166 1926 1336 2011 supersint
1351 1924 1555 1991 carminibus
1578 1924 1782 2010 deprehendi
1804 1946 1906 1992 vena-

319 2035 363 2101 lis
385 2056 506 2122 operae
528 2038 718 2121 vestigium.

423 2144 518 2230 Quae
547 2168 623 2214 cum
650 2148 699 2213 ite
726 2148 808 2225 sint,
836 2146 1077 2232 epigrammata
1102 2146 1183 2222 ista,
1211 2146 1331 2230 quibus
1355 2087 1605 2228 Scrinthicrum
1626 2144 1743 2214 laudes
1765 2146 1906 2214 bellicae
1945 2226 1958 2246 κ

320 2255 605 2336 commendentur,
628 2256 774 2326 arbitrer
795 2278 864 2324 non
887 2255 1095 2324 aSimonide
1117 2258 1243 2342 scripta
1264 2278 1353 2337 essc3
1376 2277 1460 2341 qnae
1483 2257 1653 2324 sententie
1667 2278 1706 2323 eo
1730 2258 1906 2324 confirma·

319 2375 389 2446 tur,
417 2367 505 2452 quod
531 2388 574 2433 ex
595 2368 663 2435 illis
691 2367 955 2454 duc(No.101
973 2374 1008 2433 ot
1035 2367 1111 2450 134)
1140 2366 1242 2433 etiam
1269 2367 1371 2436 aliam
1397 2367 1439 2434 ob
1466 2388 1600 2434 causam
1629 2367 1806 2435 subditicio
1831 2388 1906 2435 1111

320 2477 632 2546 demonstravimus.
676 2478 754 2545 Non
776 2485 890 2544 tamen
911 2477 1139 2544 neceesarium
1162 2485 1214 2543 est
1236 2445 1393 2556 statuere,
1416 2480 1530 2546 omnia
1551 2478 1684 2545 subdita
1699 2499 1773 2545 esse
1793 2479 1835 2546 ab
1857 2479 1906 2546 eis

321 2587 454 2654 demum
481 2588 686 2667 auctoribus,
714 2588 802 2674 apud
830 2609 913 2672 quos
934 2588 1032 2654 hodie
1055 2595 1205 2664 exstant,
1233 2609 1309 2655 cum
1332 2589 1388 2655 vel
1410 2590 1556 2673 genuina
1581 2590 1754 2675 potuerint
1775 2589 1816 2656 ab
1837 2588 1907 2656 illis

316 2696 468 2782 judicari
505 2698 585 2765 Jem
600 2699 792 2766 Herodotus
806 2705 923 2765 narrat
938 2698 1016 2784 (IX,
1031 2699 1099 2783 85),
1123 2719 1181 2764 coe
1197 2698 1345 2765 Graecos
1365 2699 1422 2783 qui
1438 2720 1505 2765 non
1521 2700 1755 2767 interfuissent
1775 2720 1907 2786 pugnae
1959 2701 1964 2722 ¹

322 2809 528 2888 Plataeensi,
552 2810 750 2894 cenotaphia
770 2816 883 2875 tamen
905 2811 942 2874 in
962 2829 1095 2894 pugnae
1116 2808 1189 2877 loco
1212 2810 1420 2876 exstruxisse
1442 2809 1568 2895 pudore
1596 2811 1764 2878 adductos.
1807 2809 1909 2894 Quod
1969 2887 1972 2896 .

324 2920 492 2987 rivorum
521 2927 587 2997 111,
614 2928 728 3004 potest
753 2919 839 2986 illud
866 2941 995 3005 quoque
1021 2920 1058 2984 in
1083 2918 1214 2986 Isthmo
1238 2919 1490 2987 Corinthiorum
1516 2921 1750 3006 cenotaphium
1777 2921 1907 3005 aliaque
1970 2901 1984 2924 Ἴ

324 3029 441 3098 eodem
468 3030 566 3098 modo
594 3036 674 3102 natu
702 3051 785 3097 esse.
829 3030 924 3113 Quae
946 3039 1165 3096 monumenta
1187 3031 1216 3095 si
1238 3031 1465 3118 compluribus
1492 3039 1570 3117 post
1596 3031 1739 3098 saeculis
1765 3051 1907 3099 renova·

321 3140 445 3210 buntur
459 3141 762 3228 inscriptioncsque
777 3140 993 3221 addebantur,
1015 3142 1215 3227 praesertim
1238 3142 1426 3226 antiquiore
1447 3142 1637 3209 litterarum
1659 3144 1767 3210 forme
1788 3141 1906 3212 ductu·

324 3273 398 3340 que,
420 3251 509 3336 quod
530 3252 684 3319 consulto
705 3253 840 3338 saepius
862 3253 986 3318 iactum
1010 3275 1084 3320 esse
1106 3251 1280 3319 Bockhius
1303 3253 1399 3321 docet
1419 3254 1455 3319 in
1472 3253 1570 3340 Oorp.
1593 3255 1693 3321 inser.
1715 3254 1743 3333 I,
1765 3252 1816 3333 25,
1839 3276 1909 3320 non

323 3362 447 3428 mirum
468 3361 556 3448 quod
579 3363 671 3431 cives
694 3362 862 3430 Corinthii
882 3363 1046 3450 paulatim
1067 3363 1212 3431 libenter
1234 3364 1297 3431 sibi
1319 3365 1572 3449 persuaderent,
1601 3388 1642 3433 ce
1667 3366 1909 3452 epigrammate

325 3469 509 3548 Simonidis
532 3494 615 3542 esse.

426 3583 504 3651 Non
519 3593 572 3682 est
586 3584 673 3670 quod
687 3585 724 3651 in
746 3585 998 3652 subditiciorum
1013 3607 1154 3654 numero
1169 3586 1310 3654 habeam
1325 3608 1376 3672 ep.
1394 3584 1455 3653 137
1472 3586 1557 3673 (Ald'
1574 3588 1646 3672 trip
1658 3586 1815 3654 Ἑλλάνων
1831 3637 1839 3656 .
1853 3639 1861 3656 .
1876 3592 1908 3670 .),
1950 3599 1954 3614 ’

326 3695 487 3782 scriptum
508 3694 593 3761 illud
615 3695 749 3779 quidem
772 3695 965 3773 Corinthiis,
989 3702 1024 3763 11
1045 3719 1114 3763 non
1135 3718 1290 3782 pugnans
1312 3719 1388 3764 eum
1410 3697 1570 3763 historiae
1591 3697 1666 3766 fide.
1703 3697 1773 3766 Sed
1787 3706 1826 3764 ut
1840 3699 1911 3764 sint
1966 3765 1969 3782 ,

326 3805 361 3870 hi
388 3827 507 3873 versus
531 3805 728 3886 Simonidis,
755 3828 822 3892 qua
847 3815 942 3892 parte
969 3809 1071 3874 etiam
1096 3807 1133 3874 in
1161 3808 1209 3875 eis
1235 3807 1406 3875 tradendis
1429 3807 1607 3892 (Pseudc)
1629 3808 1805 3876 Plutarchi
1825 3808 1910 3876 fides
1955 3795 1971 3816 ‘¹

326 3917 448 4000 exigua
468 3916 648 3997 videretur,
671 3918 706 3984 id
727 3939 829 4006 supra
849 3918 1032 4004 attigimus.

965 4177 1271 4190 m

428 4362 560 4432 Deinde
587 4362 671 4428 mihi
697 4369 750 4430 est
775 4363 985 4447 propositum
1012 4362 1184 4448 disputare
1210 4361 1251 4428 de
1279 4361 1386 4432 tribus
1413 4359 1678 4445 epigrammatis,
1706 4358 1747 4425 de
1769 4382 1912 4445 querum

327 4483 461 4544 auctore
488 4473 544 4542 vel
569 4482 648 4560 post
674 4474 878 4540 novissimas
905 4474 1068 4540 editiones
1095 4473 1229 4540 videam
1254 4472 1378 4557 ambigi
1406 4493 1518 4557 posse,
1545 4472 1607 4539 No.
1635 4471 1699 4537 105
1726 4468 1817 4554 (0111
1842 4472 1911 4558 παρ’

328 4583 553 4672 Εὐρυμέδοντα,
578 4584 903 4667 autumate),
936 4585 998 4654 No.
1022 4584 1085 4651 106
1108 4583 1225 4668 (lava
1250 4583 1315 4647 ποτ’
1338 4585 1368 4650 ἐν
1392 4583 1549 4668 στέρνοισι,
1582 4582 1686 4652 Anu.
1709 4583 1779 4648 VH
1784 4610 1794 4662 3
1821 4582 1911 4669 443),

294 4755 297 4760 .
328 4694 388 4764 No.
412 4694 474 4761 142
497 4694 569 4779 (Ἐξ
591 4696 628 4761 οὔ
651 4695 675 4759 τ’
697 4693 857 4780 Εὸρώπην,
880 4693 984 4760 Anth.
1006 4694 1085 4772 VII,
1108 4694 1195 4778 296).

429 4805 461 4872 Ε
489 4806 610 4890 quibus
637 4805 904 4891 epigrammatis,
930 4826 1029 4890 quse,
1056 4807 1086 4871 si
1112 4806 1260 4872 creditur
1280 4804 1505 4889 Anthologiae
1532 4804 1680 4874 lemmati
1705 4803 1802 4889 (VII,
1824 4801 1912 4886 296),

329 4916 370 4983 ud
404 4915 555 4984 Cimonis
587 4918 762 4985 victoriam
799 4918 968 5002 geminam
993 4915 1043 4982 ‘ad
1074 4917 1363 5004 Eurymedontem
1400 4922 1605 5002 reportatam
1645 4925 1810 5002 spectant,
1850 4913 1913 4981 142

1691 5039 1708 5089 4
