4542 5617
1021 458 1319 531 ...6-

377 663 548 729 invenisse
574 662 776 744 penitusque
804 660 1047 738 absoonditum,
1076 661 1233 744 quoniam
1260 660 1358 726 faeile
1385 669 1438 726 est
1464 660 1545 724 talia
1572 660 1749 742 suspirari,
1776 660 1967 750 ubimulta

377 774 484 856 major
509 792 588 855 pars
612 791 726 835 eorum
750 772 1028 855 epigrammatum
1055 771 1092 834 in
1120 770 1192 835 sola
1214 770 1420 855 Anthologia
1447 771 1544 837 nobis
1573 771 1618 834 sit
1643 769 1782 847 tradita,
1811 773 1967 856 exiguam

377 891 490 956 autem
522 881 750 964 Anthologiae
783 903 857 947 esse
888 881 990 947 fidem
1020 882 1057 946 in
1089 880 1316 947 adscribendis
1344 881 1521 966 poematiis
1556 880 1747 945 auctoribus
1781 882 1852 947 suis
1886 884 1968 949 satis

378 1001 517 1060 oonstat
561 993 720 1057 Fortasse
742 993 847 1075 igitur
869 993 1035 1075 quispiam
1057 990 1183 1057 dixerit
1204 1031 1246 1039 —
1269 1014 1307 1059 ae
1330 1015 1373 1058 ne
1394 993 1461 1077 ipsi
1488 990 1622 1075 quidem
1645 991 1686 1055 ab
1714 991 1777 1057 hae
1799 997 1969 1060 sententia

377 1103 479 1169 alieni
502 1124 634 1168 eramus
657 1101 898 1167 —dummodo
921 1103 1083 1186 majorem
1105 1102 1311 1187 eandemque
1334 1103 1509 1169 meliorem
1530 1110 1663 1186 partem
1678 1103 1965 1187 epigrammatum,

378 1213 498 1297 quibus
525 1213 713 1297 praefixum
741 1221 793 1277 est
816 1211 999 1278 Simonidis
1026 1234 1149 1278 nomen
1171 1222 1210 1277 ut
1231 1215 1391 1290 auctoris,
1420 1234 1494 1278 esse
1517 1211 1701 1278 Simonidis
1724 1223 1870 1292 eonstet‚
1897 1236 1966 1280 non

377 1324 494 1390 deesse
516 1325 692 1389 materiem
714 1323 756 1388 ad
777 1324 847 1389 vim
870 1333 1085 1388 sanaturum
1107 1323 1358 1400 aestimandam,
1381 1324 1490 1407 qualis
1512 1325 1548 1388 in
1563 1326 1722 1390 universo
1746 1324 1809 1390 hoo
1831 1346 1965 1408 poema·

376 1434 500 1500 tiorum
517 1433 786 1501 Simonideorum
808 1455 931 1517 genere
946 1434 1101 1517 viguerit,
1123 1456 1232 1518 neque
1255 1456 1329 1500 esse
1351 1436 1578 1500 necessarium
1594 1435 1728 1519 singula
1748 1435 1965 1519 perpendere,

377 1566 459 1610 num
494 1545 581 1611 forte
616 1546 685 1610 sint
716 1545 845 1628 spuria,
879 1565 955 1610 oum
988 1546 1188 1628 praesertim
1220 1547 1266 1611 sit
1293 1545 1439 1611 difficilis
1471 1547 1538 1610 ista
1568 1545 1609 1609 de
1636 1544 1746 1610 dubiis
1774 1546 1967 1612 auctoribus

378 1656 528 1738 quaestio
556 1656 592 1719 in
618 1654 681 1719 hoe
708 1655 893 1719 carminum
921 1674 1044 1737 genere
1070 1654 1355 1736 brevissimomm.
1400 1655 1528 1719 Tamen
1554 1655 1633 1720 nolo
1662 1676 1701 1719 ea
1727 1676 1829 1739 opera
1850 1679 1965 1740 super·
2090 1733 2092 1736 v

377 1764 501 1843 sedere,
524 1765 604 1830 dum
627 1764 669 1829 ad
691 1763 824 1846 aliquod
848 1765 1061 1847 epigramma,
1084 1764 1173 1848 quod
1194 1765 1257 1832 tibi
1279 1767 1431 1850 spurium
1451 1765 1614 1842 videatur,
1638 1766 1724 1831 alius
1746 1777 1907 1849 provocat
1928 1776 1966 1831 ut

377 1876 419 1940 ad
442 1896 585 1941 vaenum
607 1875 828 1952 dubitatione,
856 1895 921 1957 quo
948 1875 1065 1941 dubias
1088 1875 1249 1942 luotiones
1271 1878 1307 1941 in
1330 1876 1480 1960 ejusdem
1504 1873 1689 1941 Simonidis
1711 1875 1865 1942 versibus
1887 1897 1966 1942 eon-

377 1988 503 2062 stituat,
526 1988 583 2052 vel
605 1986 685 2051 dum
707 1985 790 2050 talia
811 1986 1052 2070 epigrammata
1067 1985 1267 2053 adhibentur
1282 1987 1324 2051 ad
1345 1997 1536 2069 temporum
1559 1995 1593 2051 et
1614 1986 1763 2052 rationes
1785 1988 1966 2054 firmandas

377 2105 411 2163 et
438 2118 569 2163 errores
596 2096 762 2162 tollendos
784 2096 841 2162 vel
862 2095 904 2160 ad
925 2096 1026 2162 fidem
1053 2098 1213 2162 historiae
1234 2096 1422 2163 faoiendam
1449 2096 1549 2162 rebus
1576 2097 1724 2163 incertis.
1770 2096 1966 2164 Cavendum
1993 2183 1997 2192 ⁸

377 2219 489 2274 autem
517 2208 647 2273 eritne
669 2208 705 2271 in
734 2206 986 2290 quaestionibus
1007 2210 1093 2274 meis
1117 2208 1234 2291 judieii
1258 2207 1369 2273 studia
1394 2209 1497 2273 latius
1521 2215 1708 2292 evagentur
1728 2228 1816 2272 neve
1844 2206 1966 2272 abeant

374 2319 412 2384 in
438 2317 613 2383 libidinem
635 2327 735 2401 atque
757 2338 873 2402 nugas.
909 2318 1027 2401 Itaque
1049 2328 1225 2402 postquam
1248 2319 1315 2383 alia
1336 2320 1464 2384 frustra
1485 2319 1615 2383 tentavi
1638 2319 1686 2382 eis
1708 2339 1763 2383 me
1786 2316 1962 2383 eontinebo

377 2430 600 2512 argumentis,
628 2449 713 2511 quae
735 2430 819 2512 ipsis
842 2428 1093 2512 epigrammatis
1115 2430 1277 2512 ouiusquo
1297 2432 1385 2494 redsa
1407 2430 1559 2494 nitantur
1581 2439 1616 2493 ot
1642 2449 1781 2512 massae
1804 2429 1964 2494 orationis

376 2560 449 2605 usu
493 2541 543 2604 At
563 2539 701 2605 minime
722 2540 833 2624 plaoet
854 2539 890 2605 in
912 2539 974 2604 hae
996 2539 1229 2621 quaestionum
1250 2549 1347 2623 parte
1370 2562 1388 2605 e
1416 2539 1546 2603 dicendi
1569 2559 1691 2622 genere
1714 2538 1770 2604 vel
1793 2540 1871 2604 stilo
1894 2540 1965 2621 epi-

377 2659 615 2733 grammatum,
644 2651 665 2715 i.
688 2670 715 2715 e.
744 2671 787 2715 ex
815 2649 960 2716 auotoris
988 2649 1158 2733 elegantia
1187 2671 1342 2735 promere
1374 2650 1566 2714 eritimrum
1593 2657 1867 2731 argumentorum
1893 2670 1963 2713 mo·

376 2768 498 2826 menta.
534 2761 622 2826 Nam
645 2762 800 2844 quamvis
821 2781 888 2826 non
909 2781 986 2826 raro
1007 2762 1045 2826 in
1067 2762 1316 2845 epigrammatis
1339 2760 1516 2826 dubiorum
1531 2767 1705 2824 suetorum
1727 2759 1966 2843 percensendis

376 2871 454 2937 huio
481 2869 648 2937 editorum
670 2870 798 2956 judiuio
826 2891 981 2937 ooourras
1017 2879 1089 2947 ,est
1120 2892 1201 2936 sane
1234 2871 1297 2936 hoo
1329 2871 1535 2955 poematium
1565 2867 1758 2935 Simonides
1789 2870 1966 2952 indignum

375 2981 533 3066 ingenio'’
562 2984 701 3066 ejusque
724 2981 904 3058 similibus,
934 2993 1046 3047 tamen
1069 2982 1124 3048 vel
1146 3003 1189 3047 ex
1211 2983 1297 3046 mira
1319 2981 1521 3065 judiciorum
1544 2980 1752 3046 dissensione
1775 2999 1965 3063 cognoseat,

377 3094 437 3160 vix
459 3092 640 3176 quidquam
662 3093 794 3176 profioi,
821 3093 880 3158 ubi
902 3113 946 3158 ex
968 3094 1125 3178 opinione
1147 3102 1307 3176 concepta
1328 3093 1369 3158 de
1393 3091 1663 3159 Simonideorum
1686 3091 1966 3174 epigrammatum

375 3204 411 3270 vi
437 3203 619 3286 habituque
641 3203 797 3270 homines
819 3203 910 3269 dooti
936 3205 1119 3269 metiantur
1147 3205 1288 3288 singula.
1336 3203 1522 3286 Egregium
1548 3201 1652 3267 habes
1680 3201 1873 3285 exemplum
1900 3222 1964 3284 quo

375 3314 595 3380 absterrearis
616 3316 653 3379 iu
675 3334 731 3398 ep:
756 3315 818 3380 106
841 3316 997 3397 (numeri,
1020 3316 1087 3381 nisi
1109 3315 1199 3380 aliud
1221 3314 1362 3392 additur,
1386 3321 1466 3379 sunt
1488 3312 1645 3377 editionis
1661 3312 1875 3397 Bergkianae
1896 3321 1965 3379 ter·

375 3427 442 3491 tiae
464 3426 574 3491 Poett
597 3427 677 3511 lyrr.
697 3447 746 3511 gr.
761 3447 828 3509 prs.
843 3426 921 3506 ΙΠ),
945 3448 1044 3509 quem
1067 3423 1252 3492 Sohneider
1267 3424 1399 3508 judicat
1420 3424 1528 3508 inepti
1549 3423 1694 3490 rhetoris
1717 3424 1853 3498 iustum,
1875 3424 1963 3486 idem

375 3536 533 3602 Heokero
560 3536 694 3604 videtur
727 3536 890 3620 probante
918 3535 1067 3620 Bergkio
1100 3557 1234 3602 oarmen
1260 3536 1318 3600 vel
1350 3537 1497 3600 maxims
1525 3534 1698 3601 Simonide
1731 3532 1869 3615 dignum
1896 3529 1961 3611 (uf.

376 3647 493 3731 Bergk
515 3647 625 3712 adnot.
649 3647 690 3711 ad
712 3647 782 3722 105,
808 3647 863 3712 vel
884 3647 1022 3712 Anthol.
1046 3647 1094 3712 ed.
1117 3647 1337 3713 novissimam
1358 3645 1466 3709 Paris.
1482 3642 1560 3707 VH.
1582 3643 1655 3719 443,
1678 3640 1814 3722 adnot).
1856 3640 1963 3705 Plura

376 3756 485 3821 diuam
506 3756 547 3821 de
569 3778 610 3822 eo
627 3757 747 3841 judieii
769 3759 1004 3833 instrumento,
1027 3733 1103 3822 eum
1125 3756 1322 3821 oertioribus
1343 3756 1412 3820 illis
1435 3775 1518 3838 quas
1541 3773 1643 3836 supra
1663 3751 1735 3816 dixi
1756 3753 1847 3816 notis
1868 3751 1961 3816 adhi-

376 3867 455 3932 bitis
478 3876 513 3932 ot
536 3869 727 3951 spuriorum
749 3869 1028 3952 epigrammatum
1049 3868 1138 3932 mole
1153 3867 1361 3952 aliquantum
1381 3866 1532 3931 disoussa
1553 3863 1637 3927 mihi
1652 3863 1839 3945 eontigerit,
1862 3873 1900 3927 ut
1921 3862 1962 3927 ad

374 3980 449 4063 ipsa
471 3977 667 4046 Simonidea
687 3981 824 4064 propius
847 3979 1010 4045 aooedam.

333 4093 353 4186 1,)
477 4090 695 4174 deprimam
718 4089 852 4173 quidem
873 4110 1024 4173 propono
1046 4089 1307 4174 disputationem
1330 4087 1370 4152 de
1393 4087 1484 4151 hisee
1507 4084 1772 4169 epigrammatis:

328 4185 349 4290 ,i
476 4199 538 4265 No.
555 4201 616 4265 101
640 4199 749 4284 (Οὗτος
768 4200 968 4283 Ἀδειμάντου
991 4201 1090 4264 κείνου
1111 4202 1230 4285 τάφος),
1253 4198 1314 4264 Νο.
1332 4198 1394 4261 129
1417 4195 1528 4278 (Οὗτος
1550 4197 1566 4259 ὁ
1589 4201 1641 4259 τοῦ
1666 4193 1798 4281 Κοίοιο),
1821 4194 1882 4260 Νο.
1900 4194 1962 4259 134

321 4339 331 4354 ·
376 4308 572 4406 (Τυῦῌτζῇἀπὺ
601 4311 797 4393 δυσμενέων),
823 4310 884 4375 Νο.
912 4311 975 4376 135
1001 4309 1221 4404 (ῌοιντοδαπῶν
1250 4310 1392 4394 ἀνδρῶν),
1421 4306 1482 4371 Νο.
1505 4306 1566 4371 184
1591 4306 1705 4388 (Οὗτος
1726 4305 1963 4392 Ἀνακρείοντα),

376 4399 529 4505 equibus
542 4401 795 4506 epigrammatis
812 4421 873 4485 101
890 4399 1051 4487 sistatis
1065 4399 1203 4487 anthol.
1215 4419 1293 4496 VII,
1308 4419 1382 4494 347,
1397 4417 1562 4503 (Pseudo)
1575 4417 1747 4484 Plutarch.
1770 4418 1824 4482 De
1838 4417 1962 4482 Herod.

376 4533 511 4616 malign.
533 4553 560 4599 o.
583 4532 634 4610 39,
657 4532 758 4597 Dion.
781 4529 900 4615 Chrys.
922 4530 1108 4609 XXXVII,
1130 4531 1208 4610 536;
1233 4530 1296 4596 129
1317 4531 1353 4595 in
1376 4528 1512 4595 Anthol
1528 4529 1608 4606 VII,
1631 4530 1682 4608 77,
1706 4528 1808 4594 schol.
1823 4523 1962 4590 Aristid.

375 4641 438 4721 III,
461 4644 534 4721 533,
562 4644 676 4708 Treta.
701 4641 786 4707 (ihil.
807 4640 835 4719 Ι,
857 4639 934 4719 632;
965 4643 1027 4706 135
1049 4643 1138 4726 apud
1158 4664 1264 4708 unum
1287 4640 1508 4707 Plutarchum
1531 4640 1582 4705 bis
1606 4641 1694 4722 (sive
1716 4635 1805 4721 apud
1826 4636 1962 4701 Plutar-

375 4753 484 4832 chum,
507 4753 590 4817 Vita
611 4752 727 4818 'Pham
751 4772 777 4816 o.
799 4752 821 4815 9
843 4761 878 4816 et
899 4752 987 4836 apud
1008 4752 1330 4818 Pseudo-Plutaroh.
1353 4753 1374 4816 l.
1397 4772 1423 4817 e.
1445 4751 1516 4832 34);
1542 4749 1604 4813 134
1626 4757 1660 4813 et
1683 4749 1746 4812 184
1767 4748 1803 4811 iu
1825 4745 1964 4811 Anthol.

376 4864 448 4930 sola
469 4864 530 4941 VI,
552 4863 616 4926 215
639 4870 674 4928 et
694 4862 774 4939 VH,
796 4861 853 4942 253
880 4861 1000 4928 deinde
1022 4885 1043 4927 a
1064 4884 1129 4947 quo
1152 4864 1305 4948 quodque
1326 4871 1463 4928 auetore
1486 4859 1645 4925 traditum
1668 4869 1734 4936 est,
1758 4857 1800 4923 ab
1822 4858 1885 4925 hoe
1908 4854 1962 4921 Si-
