4542 5617
1020 433 1318 510 ..8-

374 637 453 702 vevi
475 636 580 713 enim,
608 636 698 720 opud
724 643 841 719 poetes
864 633 1030 702 Simonidi
1057 637 1213 720 eeqnuies
1236 657 1360 718 eosque
1387 637 1444 720 qui
1472 645 1550 703 ante
1572 657 1650 703 enm
1672 646 1707 704 et
1733 641 1847 723 paullo
1874 643 1963 709 infra

372 748 509 811 fuerunt
530 766 704 830 nunquam
728 765 823 829 pron
846 746 934 818 οὖτος
956 746 1106 812 adhiberi

475 855 502 921 Ι.
539 856 581 922 de
603 877 643 923 ee
662 877 816 941 persone,
840 858 935 940 eujus
958 866 1038 921 sunt
1058 856 1176 932 verbo,
1203 857 1224 921 i
1247 876 1395 922 enemo
1418 877 1454 922 se
1476 858 1589 941 ipsum
1610 858 1820 926 demonstret
1840 884 1963 945 prono-

213 1007 312 1066 s
372 967 463 1031 mino
489 966 589 1045 οὗτος
1356 957 1357 960 ¹

475 1075 521 1140 II.
557 1097 728 1159 nunquam
743 1077 833 1142 idem
855 1097 1041 1161 pronomen
1055 1085 1238 1161 usurpetur
1259 1076 1301 1142 de
1317 1097 1365 1155 eo,
1389 1076 1477 1159 quod
1492 1098 1568 1142 oum
1590 1099 1744 1161 persons,
1768 1080 1862 1164 enjus
1884 1102 1961 1164 pro-

375 1187 449 1269 prie
469 1185 574 1251 verbe
595 1188 795 1264 efferuntur,
824 1195 915 1252 erote
938 1193 991 1252 est
1011 1187 1235 1270 eonjnnotum,
1257 1189 1278 1251 i.
1301 1207 1329 1253 e.
1351 1196 1390 1253 ut
1411 1186 1453 1253 ed
1477 1188 1611 1270 singule
1631 1187 1846 1267 deseendem,
1874 1169 1961 1256 nun-

375 1316 475 1379 quam
497 1296 536 1373 is,
559 1297 617 1379 qui
638 1297 743 1362 verbe
763 1296 852 1374 feeit,
875 1298 1073 1381 pronomine
1095 1296 1183 1367 οὖτος
1204 1298 1375 1380 signifieat

542 1410 576 1489 e)
604 1407 659 1472 vel
680 1415 815 1490 tempus
838 1408 893 1472 vel
915 1408 1035 1485 loenm,
1058 1408 1095 1472 in
1116 1428 1181 1490 quo
1202 1408 1276 1492 ipse
1291 1415 1456 1483 versetur,
1480 1417 1519 1474 nt
1539 1408 1660 1494 χρόνος,
1683 1411 1827 1488 ἐνιαυτός,
1851 1411 1960 1496 ἡμέρα,

603 1518 668 1594 νύξ,
696 1517 829 1600 πόλεμος
850 1516 923 1597 (nbi
944 1518 1078 1600 quidem
1099 1518 1163 1583 hee
1189 1539 1271 1585 vooe
1293 1527 1427 1602 tempus
1454 1520 1685 1605 signifieotur)
1712 1558 1755 1567 —
1781 1525 1836 1604 γῆ,
1864 1524 1961 1606 χθών,

603 1633 714 1712 χῶρος,
737 1627 832 1707 πόλις,
856 1627 950 1711 δόμος
970 1630 1101 1712 alisque
1123 1630 1301 1713 permulta,

540 1737 576 1819 b)
603 1759 775 1821 nunquam
801 1739 859 1805 vel
889 1760 988 1804 sunm
1014 1740 1164 1805 animum
1190 1740 1246 1806 vel
1273 1760 1394 1823 eorpus
1426 1760 1607 1822 eorumque
1640 1750 1754 1824 partes
1780 1761 1962 1826 omnesque

603 1870 668 1926 res,
691 1849 811 1931 quibus
827 1869 867 1914 ee
881 1849 1082 1927 effioiontur,
1104 1848 1240 1915 morbos
1262 1849 1336 1915 dieo
1352 1850 1569 1933 vulneraque,
1591 1850 1713 1933 qnibne
1727 1850 1801 1935 ipse
1821 1851 1961 1932 laboret,

603 1958 660 2024 vei
682 1959 813 2035 similia,

545 2075 578 2150 e)
605 2091 778 2153 nunquam
800 2091 893 2135 erma
915 2071 1184 2154 vestimentoque
1206 2091 1291 2153 qnae
1313 2070 1387 2154 ipse
1410 2090 1523 2136 seeum
1545 2071 1660 2150 bebet;

542 2177 578 2262 d)
601 2199 773 2262 nunquam
795 2179 939 2264 deniqne
962 2180 1013 2268 (id
1027 2179 1115 2265 quod
1129 2181 1246 2246 eodem
1261 2181 1431 2264 pertinere
1446 2188 1581 2266 censeo)
1605 2190 1706 2266 poete
1719 2181 1773 2248 sui
1792 2184 1960 2261 earminis,

603 2288 691 2372 quod
712 2289 903 2374 legentibus
926 2298 979 2356 est
999 2293 1223 2375 propositum,
1251 2292 1458 2357 mentionem
1479 2293 1560 2358 feeit
1581 2293 1780 2376 pronomine
1802 2293 1896 2365 οὗτος.
1919 2331 1961 2341 -

476 2385 588 2481 Quem
610 2409 767 2466 eonstnns
790 2409 902 2466 entem
926 2402 971 2467 sit
992 2409 1027 2466 et
1048 2402 1122 2484 lege
1145 2402 1306 2467 eden-inte
1327 2401 1533 2469 consuetudo
1550 2424 1590 2468 ea
1611 2405 1820 2489 pronominis
1842 2403 1904 2483 ὅδε,
1926 2403 1961 2469 id

371 2530 413 2575 ex
435 2509 498 2574 hoo
520 2512 767 2594 eognosoimus,
795 2510 895 2594 quod,
919 2510 1107 2595 ubieunque
1129 2534 1192 2596 per
1211 2526 1358 2578 metrum
1380 2512 1503 2579 liesbet
1523 2515 1655 2579 utrovis
1678 2515 1877 2598 pronomine
1899 2515 1959 2590 uti,

371 2641 476 2686 unum
496 2626 610 2686 temen
624 2622 810 2705 reperimus
825 2624 885 2687 ὅδε.
915 2622 1032 2688 Veluti
1046 2621 1132 2705 apud
1150 2620 1306 2707 Sophooi
1322 2621 1403 2688 Oed.
1420 2621 1490 2688 Ool.
1507 2644 1540 2687 v.
1553 2623 1618 2687 450
1638 2621 1702 2703 (ed.
1719 2620 1958 2706 Sebneidew.):

372 2731 437 2795 ἀλλ’
461 2730 497 2795 οὔ
519 2756 548 2796 τι
572 2734 613 2816 μὴ
637 2734 756 2818 λάχωσι
778 2736 867 2798 τοῦδε
890 2734 1070 2820 συμμάχου,
1093 2732 1151 2798 ubi
1171 2741 1317 2798 metrum
1340 2733 1468 2819 potitur
1489 2734 1610 2811 τούτοο;
1634 2741 1670 2799 et
1691 2732 1732 2799 de
1755 2755 1791 2799 se
1813 2734 1887 2818 ipso
1909 2734 1959 2798 lo·

371 2843 484 2925 quitur
511 2841 670 2928 Oedipus.
720 2843 895 2927 Optimum
922 2845 1115 2929 exemplum
1141 2843 1244 2909 hebes
1270 2843 1348 2909 ibid.
1375 2844 1527 2909 v.1546:
1562 2843 1640 2928 μοῖρ’
1668 2845 1751 2927 ἀνδρὶ
1777 2846 1858 2929 τῷδε
1885 2845 1959 2926 τῇδε

371 2954 537 3040 κρυφθῆναι
558 2953 659 3038 χθονί,
682 2952 797 3019 ubine
817 2953 987 3019 dissonam
1003 2953 1137 3038 quidem
1151 2974 1271 3020 voomn
1294 2955 1559 3039 propinquarum
1575 2953 1831 3020 similitudinem
1846 2961 1962 3020 auctor
2079 2987 2084 2994 ·

371 3064 457 3129 vitet
483 3062 701 3147 praeferendo
724 3061 771 3141 id,
800 3065 887 3146 quod
914 3086 975 3148 per
996 3073 1143 3130 metrum
1170 3064 1375 3130 admittitun
1388 3064 1465 3148 μοῖρ’
1490 3063 1573 3149 ἀνδρὶ
1594 3065 1797 3151 τούτῳ,τῇδε.
1842 3064 1893 3131 cf.
1915 3085 1960 3129 ex

279 3239 285 3254 ,
371 3172 486 3238 eedem
509 3172 681 3256 tragoedia
702 3194 733 3238 v.
755 3173 833 3251 649,
858 3174 954 3253 1032;
985 3174 1066 3240 Oed.
1088 3175 1165 3240 Rex
1187 3197 1218 3240 v.
1240 3176 1297 3252 41,
1325 3176 1402 3252 9513
1431 3173 1691 3253 Eleetre11333
1720 3174 1842 3241 Aeseb.
1864 3174 1959 3241 Pers.

370 3283 448 3361 619;
477 3281 560 3348 adde
583 3283 730 3366 Theogn
754 3306 785 3349 v.
807 3284 849 3349 52
873 3284 938 3370 (ed.
961 3286 1091 3369 Bergk,
1118 3285 1230 3351 Poett
1251 3287 1350 3370 Lyre.
1372 3286 1472 3370 gru),
1499 3284 1589 3368 apud
1617 3306 1717 3368 quem
1739 3285 1856 3352 multis
1877 3285 1961 3351 loeis

373 3395 428 3478 ἥδε
441 3393 535 3472 πόλις,
559 3416 732 3478 nimquam
747 3396 820 3480 αὕτη
844 3405 964 3462 exstet
1001 3398 1056 3462 Ex
1078 3396 1268 3463 Homerieis
1290 3396 1495 3462 terminibus
1516 3395 1619 3462 hosee
1641 3395 1748 3462 habeo
1771 3418 1855 3480 quos
1878 3398 1959 3460 effe·

371 3524 443 3570 rum
466 3504 570 3570 looos:
600 3504 662 3570 0d.
685 3509 717 3583 λ,
740 3503 804 3571 373
826 3506 876 3577 νὺξ
900 3507 982 3591 δ’ἥδε
1005 3510 1088 3591 pabo
1110 3509 1210 3593 μακρή
1233 3508 1473 3591 (compluries).
1496 3533 1537 3584 ω,
1567 3506 1630 3570 331
1654 3506 1745 3587 οὐλὴν
1769 3507 1821 3587 μὲν
1843 3510 1960 3588 πρῶτον

371 3615 459 3700 τήνδε
474 3616 587 3702 φράσαι
604 3616 784 3702 ὀφθαλμοῖιν
801 3618 936 3699 (Ulixes
958 3619 1039 3685 dieit
1060 3619 1101 3685 de
1123 3640 1164 3683 ee
1185 3638 1285 3703 quem
1307 3618 1380 3702 ipse
1402 3614 1540 3699 gerebat
1561 3615 1740 3696 eioetrioe).
1773 3613 1812 3678 11
1828 3612 1869 3690 Ο,
1885 3611 1960 3691 426,

372 3726 430 3793 ubi
451 3715 603 3793 extrema
623 3747 744 3793 versus
766 3728 870 3794 verbe
892 3738 984 3795 sunt:
1007 3731 1037 3795 ἐν
1059 3729 1164 3793 στείνεϊ
1184 3731 1278 3814 reida
1301 3726 1385 3792 udde
1408 3724 1470 3791 Od
1494 3749 1520 3790 o.
1543 3723 1614 3789 116.

257 2251 353 2316 s

474 3839 576 3903 Multi
597 3838 717 3905 deinde
740 3850 820 3906 sunt
840 3841 920 3917 loei,
947 3841 1006 3907 ubi
1031 3839 1246 3924 transpositis
1269 3838 1383 3905 vorbis
1405 3837 1461 3904 vel
1489 3836 1556 3900 elia
1577 3835 1765 3900 mutatione
1786 3833 1960 3900 levissime

305 4007 313 4018 ,
373 3971 466 4034 pron.
489 3949 575 4021 οὗτος
596 3949 747 4016 adhiberi
767 3971 830 4033 per
850 3960 996 4017 metrum
1016 3959 1181 4035 potuerat,
1202 3960 1242 4016 nt
1261 3948 1382 4016 Aesoh.
1397 3948 1510 4013 Pronu
1532 3969 1564 4013 v.
1579 3946 1653 4023 304,
1675 3946 1795 4030 Agem.
1816 3968 1848 4010 ν.
1865 3945 1959 4021 1186,

374 4058 469 4137 1292;
493 4057 595 4144 Soph.
619 4058 701 4126 Oed.
724 4059 799 4126 Rex
823 4060 1031 4138 1018,1113.

474 4168 568 4237 Haeo
591 4170 747 4254 exempla
772 4177 853 4236 sunt
879 4169 1051 4237 demedio
1073 4182 1221 4253 sumptn3
1248 4167 1325 4233 eddi
1347 4175 1513 4252 poterunt
1538 4165 1715 4250 permulto
1760 4165 1814 4230 Ad
1836 4165 1958 4231 confir-

371 4278 526 4345 mandam
549 4302 623 4347 eam
645 4280 921 4372 consuetudinem
943 4279 1150 4364 pronominis
1165 4278 1218 4344 tea
1238 4278 1376 4355 aceedit,
1399 4277 1487 4361 quod
1509 4276 1599 4361 opud
1620 4285 1736 4360 poetes
1751 4297 1860 4360 neque
1881 4297 1958 4360 pro·

372 4390 516 4456 nominis
539 4391 626 4461 οὕτος
647 4412 728 4457 usus
751 4412 849 4457 rarus
871 4399 932 4466 est,
954 4411 1063 4475 neque
1085 4411 1145 4455 eee
1167 4411 1250 4473 qnae
1273 4389 1403 4455 exclusi
1425 4408 1520 4472 pron.
1536 4387 1625 4458 οὗτος
1647 4387 1754 4453 diotae
1778 4395 1858 4453 sunt
1879 4407 1958 4452 oon·

370 4499 533 4579 ditiones3
561 4522 641 4566 nem
667 4513 706 4566 ut
734 4502 889 4567 omittam
916 4503 1027 4567 minus
1053 4501 1196 4567 usitatas
1221 4520 1337 4577 voees,
1370 4519 1470 4582 quem
1497 4500 1669 4582 frequens,
1697 4497 1843 4564 maxime
1870 4493 1958 4578 epud

371 4612 514 4696 mugiens
535 4619 662 4694 poetes,
685 4620 738 4676 est
759 4612 854 4677 hese:
882 4611 963 4695 (ὅδε)
986 4612 1062 4697 ἀνήρ
1084 4611 1233 4692 (nomine
1254 4612 1335 4694 ejus,
1358 4610 1415 4694 qni
1430 4609 1535 4674 verbe
1556 4609 1659 4689 feeit),
1682 4607 1803 4673 deinde
1823 4613 1958 4689 prester

371 4743 428 4789 ees
454 4741 538 4806 ques
565 4743 669 4805 snpra
694 4723 889 4789 enumeravi
911 4729 979 4807 (pg.
1001 4722 1023 4788 8
1048 4721 1110 4788 sub
1131 4722 1182 4787 lit
1203 4724 1237 4802 e)
1259 4720 1341 4807 {heez
1369 4721 1448 4805 χεὶρ,
1472 4718 1566 4801 ὄμμα,
1590 4719 1680 4801 κάρα.
1724 4716 1881 4798 Longum
1905 4722 1958 4779 est

372 4832 484 4897 omnia
505 4840 712 4914 eomputere3
735 4834 818 4899 setis
839 4833 945 4899 habeo
967 4832 1204 4908 demonstrare,
1226 4852 1269 4897 ex
1292 4840 1386 4897 tento
1408 4851 1548 4896 numero
1570 4829 1734 4905 leeorum,
1758 4847 1856 4910 quem
1880 4846 1956 4891 eeu·
