4542 5617
1009 529 1333 604 *26-

376 733 550 817 practerea
571 730 659 815 apud
682 731 868 798 Diodorum
890 730 966 813 (XI,
989 731 1045 813 62)
1069 739 1180 797 exstat
1202 742 1237 795 et
1259 728 1443 795 Aristidem
1466 729 1527 815 (II,
1542 728 1619 808 209)
1643 728 1781 811 ejusque
1803 725 1961 792 scholias-

376 849 445 908 tam
469 842 552 924 (III,
575 842 668 926 209),
696 848 796 925 atque
824 842 865 908 ab
892 842 945 906 his
972 841 1099 908 duobus
1127 822 1162 909 et
1188 842 1224 906 iu
1246 842 1453 925 Anthclogia
1475 839 1642 906 Simonidi
1669 838 1842 914 tribuitur,
1875 837 1963 922 apud

376 952 564 1019 Diodorum
586 953 733 1018 auctoris
754 975 879 1019 nomen
901 975 968 1017 non
992 959 1045 1017 est
1066 952 1225 1019 additum.
1256 952 1482 1020 Brevissimae
1498 959 1576 1016 ante
1591 949 1733 1034 Bergkii
1755 949 1832 1015 edit.
1847 949 1962 1015 noris·

376 1065 495 1129 simam
524 1063 769 1148 disputationes
797 1064 860 1130 hcc
887 1064 1093 1148 epigramma
1118 1064 1421 1148 prosequendarum
1450 1061 1555 1128 veluti
1578 1059 1814 1128 Schneidewin
1837 1060 1889 1145 (in
1913 1059 1962 1125 ed.

376 1174 468 1257 reliq.
483 1197 537 1261 pg.
554 1175 630 1257 157)
654 1174 713 1240 illa
736 1181 851 1240 censet
872 1181 992 1259 cuncta
1014 1174 1191 1240 subditicia
1206 1196 1279 1241 esse
1301 1185 1487 1259 propterea,
1510 1171 1597 1257 quod
1618 1172 1774 1238 defuncto
1790 1169 1962 1237 Simonide
2024 1237 2029 1246 ,

377 1307 431 1352 res
453 1286 531 1352 illae
552 1286 594 1352 ad
616 1286 904 1373 Eurymedontem
927 1291 1042 1370 gestae
1065 1287 1133 1352 sint
1156 1287 1245 1369 (Non
1269 1286 1402 1351 videtur
1428 1292 1542 1351 tamen
1565 1282 1774 1351 Schneidcw.
1795 1281 1857 1348 hac
1885 1303 1960 1348 sen·

376 1398 485 1463 tentia
506 1399 650 1474 stetisse,
675 1396 941 1482 quandoquidem
963 1397 999 1462 in
1022 1419 1062 1462 co
1083 1397 1198 1464 libello
1221 1397 1278 1481 qui
1300 1397 1494 1463 inscribitur
1520 1395 1608 1473 „Zur
1622 1394 1739 1459 Kritik
1763 1393 1822 1460 der
1836 1393 1961 1458 Poetae
1988 1386 1996 1399 ’

375 1509 456 1594 lyrr.
474 1507 617 1593 graece?
645 1517 802 1591 quartam
824 1529 959 1575 versum
987 1530 1037 1593 ep.
1059 1505 1154 1574 loeti
1181 1510 1308 1593 profert
1327 1515 1365 1574 ut
1387 1508 1578 1592 exemplum
1600 1506 1755 1572 dictionis
1777 1502 1961 1571 Simonidis

375 1619 431 1698 rel
458 1621 604 1685 maximo
630 1620 809 1705 propriae).
853 1620 905 1685 Ea
932 1628 1045 1685 autem
1072 1641 1156 1703 quae
1183 1633 1256 1685 tum
1283 1620 1466 1686 fluctuabat
1491 1618 1532 1685 de
1559 1626 1749 1702 temporum
1775 1615 1961 1682 rationibus

376 1731 526 1815 quaestio
541 1750 584 1797 ne
599 1752 688 1796 nunc
711 1730 845 1815 quidem
866 1752 905 1797 co
928 1738 980 1796 est
1001 1731 1151 1808 deducta,
1173 1739 1212 1796 at
1226 1738 1304 1796 ante
1320 1727 1504 1796 Simonidis
1519 1728 1648 1794 obitum
1662 1735 1794 1794 constet
1814 1747 1971 1812 pugnarn.

375 1840 832 1938 Eurymedontiamufactam
865 1862 947 1906 esso.
1002 1842 1089 1908 Nam
1123 1863 1200 1907 cnm
1235 1839 1443 1908 Simonidem
1476 1861 1592 1906 omnes
1626 1839 1838 1906 consentiant
1870 1859 1961 1903 mor-

375 1961 471 2018 tuum
487 1973 560 2019 esse
577 1950 630 2018 01.
645 1947 697 2029 78,
722 1952 750 2027 1,
773 1951 871 2016 alteri
887 1951 1072 2018 Diodorum
1095 1954 1201 2019 secuti
1223 1953 1352 2029 docent,
1375 1973 1449 2018 earn
1465 1952 1639 2018 victoriam
1656 1949 1832 2017 Cimonem
1846 1969 1961 2034 repor-

375 2072 465 2130 tasse
489 2060 542 2128 Ol
565 2060 616 2140 77,
639 2062 669 2138 3,
693 2061 790 2127 alteri
813 2058 866 2126 01.
889 2060 944 2139 78,
967 2062 988 2125 3
1011 2062 1174 2148 (Curtius,
1198 2063 1336 2149 Grote),
1360 2063 1416 2142 78,
1438 2064 1459 2127 4
1487 2064 1541 2144 (A.
1566 2061 1753 2143 Schaefer),
1782 2081 1861 2145 ergo
1884 2068 1963 2144 post

375 2172 467 2239 illius
488 2179 649 2251 ‘mortem3
678 2192 721 2238 ex
742 2170 884 2256 Berghii
910 2171 1039 2238 ratione
1068 2171 1135 2254 (Ol.
1163 2173 1219 2250 78,
1247 2175 1267 2239 1
1299 2174 1388 2240 circa
1413 2173 1561 2255 initium)
1589 2171 1700 2256 potuit
1727 2167 1892 2237 Simonidi
1920 2169 1962 2235 ad

376 2303 450 2348 eam
472 2282 647 2348 vintoniam
670 2280 903 2347 celebrandam
925 2281 997 2348 vita
1024 2282 1251 2366 suppeditare,
1278 2293 1313 2349 at
1338 2284 1398 2351 rix
1425 2284 1543 2368 potuit
1588 2283 1715 2348 Tamen
1744 2281 1792 2347 eis
1821 2298 1959 2364 quoque,

375 2393 432 2477 qui
460 2401 538 2457 ante
566 2391 751 2457 Simonidis
779 2397 922 2458 mortem
955 2413 1101 2477 pugnam
1131 2395 1343 2460 commissam
1371 2415 1445 2459 csse
1474 2400 1640 2470 statuunt,
1674 2414 1779 2456 unum
1807 2390 1961 2456 obstabat

375 2503 553 2585 quominus
579 2503 657 2569 hnic
684 2524 818 2568 carmen
842 2502 903 2566 142
932 2503 1173 2583 adscriberent,
1201 2504 1380 2571 lectionem
1406 2503 1479 2570 dico
1507 2505 1537 2568 ἐν
1559 2501 1673 2589 Κύπρῳ
1702 2509 1746 2584 (v.
1767 2506 1802 2585 5)
1831 2523 1850 2565 a
1878 2501 1959 2566 Dio·

374 2612 456 2678 doro
490 2621 524 2678 et
556 2613 591 2677 in
619 2613 757 2679 Anthol.
791 2613 957 2680 traditam.
1013 2616 1065 2681 Ea
1096 2616 1201 2700 igitur
1235 2623 1402 2682 summota
1434 2614 1643 2699 receptisque
1676 2612 1790 2680 verbis
1823 2612 1853 2675 ἐν
1887 2612 1958 2694 γαίῃ

375 2743 417 2790 ex
440 2723 589 2789 Aristide
613 2713 750 2808 cj'usquo
773 2723 967 2802 scholiasta,
995 2724 1150 2792 omnibus
1177 2725 1277 2791 rebus
1298 2724 1479 2810 putabatur
1502 2725 1711 2790 satisfactum
1734 2744 1816 2788 csse.
1861 2720 1960 2803 Quod

374 2833 591 2912 mirabamur3
629 2856 668 2901 ac
699 2856 767 2900 non
798 2842 925 2902 temere
958 2858 1020 2902 nos
1052 2837 1168 2902 mirari
1203 2836 1431 2921 persuasimus
1465 2836 1560 2902 nobis
1593 2858 1611 2900 o
1643 2834 1785 2918 Berglrii
1823 2832 1960 2898 adnota-

375 2945 466 3011 tione
495 2947 544 3028 (in
570 2945 647 3012 edit
674 2945 725 3023 H,
757 2968 810 3031 pg.
838 2945 930 3030 204),
964 2948 1021 3031 qui
1047 2969 1135 3014 unus
1168 2955 1240 3012 tum
1273 2945 1407 3032 quidem
1440 2945 1628 3011 offendebat
1658 2945 1695 3010 in
1728 2965 1759 3010 v.
1795 2943 1959 3020 ὀλέσαντες,

378 3054 484 3137 „quod
511 3057 583 3121 ab
611 3055 766 3140 pedestre
794 3055 960 3141 proelium
987 3066 1064 3124 ante
1092 3057 1211 3124 navale
1240 3064 1573 3134 commemoraretur,
1605 3076 1680 3120 cnm
1708 3063 1822 3119 tamen
1845 3058 1962 3119 contra

375 3186 429 3230 res
456 3165 534 3231 illae
561 3177 674 3249 gestae
703 3167 846 3232 essent'’.
890 3167 1003 3234 Aliter
1030 3169 1118 3234 idom
1145 3169 1181 3233 in
1208 3168 1393 3235 novissime
1420 3167 1566 3232 editione
1593 3165 1634 3230 de
1657 3186 1696 3231 eo
1720 3166 1960 3250 epigrammate

368 3275 497 3360 J‘udicat
528 3298 656 3374 negans
694 3277 928 3344 offendendum
960 3299 1034 3344 csse
1065 3280 1100 3344 in
1133 3279 1245 3345 aorist
1272 3285 1372 3363 temp.
1405 3277 1575 3362 participii
1604 3276 1770 3354 ὀλέσαντες
1805 3274 1959 3360 repetitis

373 3385 493 3453 deinde
520 3389 692 3471 auctisque
719 3389 844 3468 causis,
860 3411 862 3416 ·
877 3410 936 3455 cur
962 3388 1061 3455 lectio
1089 3391 1119 3454 a
1146 3387 1260 3476 Κύπρῳ
1293 3390 1338 3455 sit
1364 3386 1546 3465 reicienda,
1578 3394 1614 3453 et
1643 3394 1831 3471 temporum
1857 3386 1959 3451 ratio·

374 3497 472 3563 nibus
499 3497 607 3565 denuo
635 3497 829 3584 diligentius
857 3501 1024 3578 lustratis,
1047 3523 1115 3566 non
1135 3521 1210 3567 esse
1229 3508 1357 3578 censet,
1381 3498 1469 3583 quod
1488 3499 1695 3584 epigramma
1713 3495 1879 3564 Simonidi
1901 3494 1958 3561 ab·

368 3606 547 3693 judicetur.
1259 3624 1263 3630 '

475 3720 598 3788 Denuo
632 3730 744 3788 autem
783 3722 1059 3806 percensentibns
1092 3721 1296 3788 novissimas
1323 3720 1364 3785 de
1400 3742 1438 3786 oo
1472 3721 1713 3807 epigrammate
1746 3719 1959 3803 quaestiones

373 3831 467 3898 bisce
499 3832 726 3899 fondamentis
758 3831 934 3899 nitendum
964 3834 1062 3899 nobis
1094 3832 1241 3910 videtur,
1279 3840 1316 3898 ut
1350 3831 1391 3897 de
1429 3829 1550 3915 quibus
1582 3831 1717 3897 omniuo
1750 3852 1819 3896 nou
1851 3830 1960 3914 possit

374 3942 512 4027 ambigi:
536 3942 680 4009 Constat
700 3942 805 4027 igitur
826 3945 981 4029 primum,
1003 3942 1312 4029 Eurymedontiam,
1334 3964 1403 4008 noa
1426 3940 1587 4027 Cypriam
1609 3940 1761 4008 Simonis
1784 3942 1959 4007 victoriani

374 4054 543 4137 geminam
564 4054 633 4119 illis
656 4055 811 4121 versibus
834 4055 1010 4134 celebrari;
1034 4055 1123 4139 quod
1144 4054 1409 4121 luculentissime
1425 4051 1593 4136 Berghius
1616 4051 1777 4118 adversus
1801 4051 1958 4118 Sebaefe·

373 4185 448 4228 rum
471 4172 506 4229 ct
526 4163 696 4249 Engalum
718 4163 970 4233 demonstrarit
1015 4164 1158 4232 Constat
1179 4165 1298 4230 deinde
1321 4177 1391 4230 aare
1417 4163 1607 4249 pedestrem
1633 4184 1781 4250 pugnam
1803 4162 1958 4228 commis-

312 4309 314 4313 Δ
374 4294 445 4340 sam
468 4296 542 4342 csse
564 4277 730 4355 navalem,
752 4298 830 4343 cum
851 4276 891 4343 de
915 4297 955 4343 ea
976 4298 1013 4342 re
1034 4275 1206 4342 Diodorus
1229 4275 1328 4357 (ΧΠ,
1351 4276 1386 4359 3)
1410 4283 1445 4339 et
1465 4273 1670 4341 Plutarchus
1693 4273 1828 4356 (Cimon
1850 4294 1876 4339 c.
1901 4272 1957 4359 18)

373 4388 594 4466 consentiant,
616 4408 724 4472 neque
746 4387 895 4473 'Phucyd
919 4387 1055 4475 (Ι,100)
1079 4386 1264 4453 dissentiat
1302 4387 1455 4471 Apparet
1477 4386 1568 4452 enirn
1590 4386 1690 4464 hunc,
1713 4407 1789 4452 cum
1810 4385 1959 4452 breviter

372 4517 427 4586 res
448 4496 525 4563 illas
545 4496 696 4564 referens
723 4499 813 4565 dicat
840 4499 955 4583 ἐγένετο
985 4501 1018 4564 δὲ
1039 4550 1047 4565 .
1071 4549 1108 4567 ..
1137 4500 1157 4583 ἡ
1186 4498 1230 4564 ἐπ’
1258 4495 1460 4583 Εὐρυμέδοντι
1486 4549 1495 4565 .
1579 4549 1587 4564 .
1614 4499 1787 4584 πεζομαχία
1814 4500 1863 4560 καὶ
1890 4519 1957 4561 rna·

373 4607 470 4694 μαχία
486 4617 520 4675 et
535 4609 582 4674 ita
596 4608 786 4694 pedestrem
802 4632 950 4695 pugnam
965 4611 1077 4696 priore
1091 4611 1164 4677 loco
1180 4609 1330 4687 collocat,
1353 4609 1383 4675 h.
1400 4609 1421 4675 1.
1436 4610 1586 4676 noluisse
1603 4610 1753 4676 ordinem
1769 4619 1958 4690 temporum

371 4719 505 4797 referre,
522 4742 586 4805 qno
601 4742 733 4806 pugnae
745 4733 860 4789 essent
874 4723 991 4789 factae.
1014 4724 1101 4787 Turn
1116 4731 1250 4789 constat
1265 4742 1441 4787 numerum
1453 4731 1625 4805 captarum
1637 4718 1886 4803 deletarumqne
1898 4740 1957 4784 na·

373 4831 466 4898 vium
480 4830 584 4898 fuisse
597 4832 772 4899 minimum
786 4832 851 4899 00.
867 4834 1023 4916 Denique
1040 4831 1365 4898 commemorandum
1382 4835 1448 4897 erit
1461 4832 1524 4896 hac
1539 4855 1575 4897 ro
1587 4830 1773 4897 Diodorum
1789 4829 1958 4913 arcllquis

373 4944 565 5011 auctoribus
576 4943 779 5021 dissentire,
802 4942 888 5028 quod
912 4965 1059 5028 pugnam
1081 4944 1252 5021 navalem,
1274 4917 1364 5026 qnae
1386 4942 1534 5027 pedestri
1555 4940 1841 5029 Eurymedontiae
1864 4948 1956 5005 ante-
