4542 5617
1019 421 1344 498 -3g.-

386 632 441 693 est
461 623 753 711 praetereundum,
776 625 865 710 quod
883 620 950 712 ip'si
969 626 1113 693 trecenti
1133 625 1302 712 hospitem
1322 626 1528 710 alloquutur3
1556 625 1732 693 fortissimi
1752 625 1790 692 hi
1808 647 1847 693 ae
1868 647 1975 711 paene

388 736 495 804 divini
517 736 583 803 viri
604 758 659 804 res
682 743 795 822 gestas
817 759 896 804 suas
918 737 1105 822 singulares
1127 743 1297 804 testantur
1317 736 1398 822 ipsi,
1425 757 1492 821 qno
1513 736 1621 822 magis
1643 737 1850 818 memineris,
1877 745 1912 805 te
1937 738 1975 804 in

387 849 462 934 ipso
484 868 618 933 pugnae
640 846 714 915 looo
737 869 821 915 esse.
856 846 986 914 Petunt
1007 848 1048 914 ab
1070 847 1269 933 hospitibus,
1292 855 1331 915 ut
1352 845 1394 913 ad
1409 845 1596 933 Spartanos
1618 848 1766 915 referant
1787 869 1825 916 se
1846 848 1975 935 patriae

386 958 520 1045 legibus
542 958 719 1025 obseoutos
746 964 890 1025 mortem
913 979 953 1024 eo
974 958 1048 1025 loeo
1070 959 1274 1026 oeoubuisse.
1315 958 1430 1026 Pauoa
1452 957 1586 1042 quidem
1608 980 1648 1025 ea
1668 958 1787 1038 verba,
1814 968 1850 1026 at
1868 959 1974 1027 abun·

388 1068 471 1136 dant
509 1069 695 1136 sententiis.
756 1069 1006 1136 Transferimur
1042 1070 1080 1135 in
1121 1069 1207 1136 illud
1244 1077 1379 1154 tempus
1421 1067 1550 1154 proelio
1587 1068 1686 1137 modo
1730 1072 1819 1137 teoto
1861 1070 1975 1156 proxi·

388 1201 491 1247 mum
533 1178 667 1247 Viatori
688 1179 769 1246 dant
789 1180 963 1265 nogotium
984 1180 1143 1262 treeenti;
1169 1181 1235 1265 ipsi
1256 1181 1349 1247 enim
1370 1201 1488 1248 omnes
1511 1180 1665 1267 oppressi
1690 1181 1839 1248 hostium
1859 1181 1974 1248 multi·

388 1291 506 1358 tudine
528 1291 618 1357 oaesi
637 1293 750 1376 jaeont
770 1313 814 1359 ne
836 1314 903 1359 uno
926 1291 1061 1377 quidem
1083 1291 1274 1377 superstite,
1296 1292 1355 1376 qui
1375 1292 1532 1359 nuntium
1554 1290 1714 1377 Spartam
1736 1293 1862 1359 afferat
1898 1291 1976 1358 Non

389 1404 630 1488 ignoraverant
650 1403 785 1488 quidem
806 1424 922 1472 easum
942 1405 1107 1482 futurum,
1130 1402 1191 1470 sed
1211 1424 1321 1488 neque
1341 1411 1381 1470 ut
1402 1403 1675 1489 subterfugerent
1696 1424 1716 1470 a
1737 1424 1774 1470 so
1795 1411 1977 1489 potuerant

388 1515 579 1601 impetrare,
601 1535 710 1601 neque
733 1535 798 1601 quo
819 1514 894 1583 looo
916 1536 971 1582 res
994 1536 1074 1582 suae
1088 1499 1220 1595 essent,
1243 1537 1320 1583 eum
1342 1515 1472 1583 civibus
1495 1515 1565 1583 suis
1589 1514 1835 1583 eommunieare
1856 1515 1975 1582 nuntio

389 1625 507 1707 misso;
535 1626 649 1694 nullus
677 1627 768 1693 enim
795 1648 838 1693 ex
865 1626 1020 1694 omnibus
1046 1627 1084 1693 in
1106 1648 1146 1694 eo
1169 1626 1361 1693 disorimine
1382 1626 1537 1696 voluerat
1557 1626 1679 1694 absens
1701 1625 1897 1708 desiderari3
1924 1625 1977 1693 illi

390 1743 503 1804 autem
521 1745 594 1805 tum
609 1738 675 1806 alio
696 1738 770 1806 loeo
785 1737 853 1825 ipsi
874 1760 1005 1824 quoque
1025 1737 1159 1806 hostem
1174 1739 1380 1806 sustinentes
1394 1738 1559 1806 soisoitari
1572 1761 1642 1806 non
1663 1745 1853 1825 potuerant,
1875 1759 1975 1823 quae·

389 1870 469 1916 nam
491 1855 717 1917 treeentorum
740 1857 831 1917 esset
852 1849 1013 1917 eondieio.
1056 1849 1174 1938 Neque
1196 1857 1310 1917 tamen
1335 1849 1452 1918 laudes
1473 1850 1594 1918 horum
1610 1852 1727 1935 jaeent
1747 1850 1895 1918 tenebris
1917 1848 1975 1916 ob-

388 1970 499 2041 rutae3
522 1982 601 2028 nam
623 1960 774 2047 hospites
796 1969 830 2029 et
844 1961 992 2030 viatores
1007 1960 1167 2048 Spartam
1189 1983 1246 2029 eas
1268 1963 1421 2029 afferunt
1454 1960 1700 2030 Fortassehoo
1721 1982 1852 2046 quoque
1873 1960 1976 2028 tuerit

389 2071 513 2159 poetioi
540 2072 673 2139 oonsilii
695 2080 730 2140 et
749 2073 971 2152 inventionis,
998 2073 1088 2158 quod
1114 2095 1185 2141 non
1211 2079 1282 2140 toto
1309 2080 1419 2139 terrae
1446 2072 1525 2139 orbe
1547 2072 1604 2139 vel
1626 2079 1717 2139 uerte
1738 2079 1812 2140 tota
1833 2072 1977 2140 Graeoia

389 2183 524 2251 laudem
539 2204 637 2252 suam
650 2184 795 2251 treeenti
813 2185 934 2271 jubent
954 2183 1123 2270 divulgari
1138 2186 1179 2253 ab
1200 2185 1399 2272 hospitibus,
1422 2185 1481 2253 sed
1502 2186 1538 2253 in
1559 2186 1705 2271 patriam
1725 2191 1857 2253 tantum
1872 2182 1976 2272 Spar·

390 2303 461 2363 tam
487 2295 644 2381 perferri,
671 2295 759 2380 quod
785 2295 926 2381 dignum
951 2297 997 2363 sit
1023 2296 1153 2366 bisibus
1175 2296 1363 2382 Spartanis
1390 2291 1433 2345 ὲ-
1458 2297 1545 2364 Ἰλιια
1572 2297 1705 2383 eopiosa
1732 2305 1833 2382 atque
1859 2297 1976 2382 pulore

285 2425 290 2434 ·
391 2404 583 2475 Simonides
620 2405 708 2474 dixit
742 2405 870 2475 duobus
902 2407 1093 2489 versieulis,
1130 2407 1224 2475 nullo
1261 2407 1409 2475 adhibito
1440 2409 1622 2476 verborum
1653 2409 1845 2495 splendore,
1882 2407 1976 2475 nullo

391 2518 522 2604 poetioo
544 2518 628 2585 fuoo.
671 2517 767 2585 Inter
788 2518 901 2586 omnia
923 2515 1117 2586 Simonidea
1138 2518 1220 2587 adeo
1242 2519 1306 2587 hoe
1321 2519 1528 2605 epigramma
1541 2520 1686 2598 excellit,
1707 2526 1748 2587 ut
1761 2520 1793 2587 ei
1813 2539 1978 2604 nequeam

392 2651 559 2718 apponere
581 2651 624 2698 ne
646 2651 751 2697 unum
773 2628 917 2715 quidem,
939 2629 1028 2715 quod
1049 2629 1149 2718 plane
1172 2630 1217 2698 sit
1238 2630 1361 2711 simile;
1384 2630 1427 2697 ad
1448 2651 1498 2716 ep.
1512 2631 1554 2697 91
1578 2638 1691 2698 autem
1713 2630 1977 2708 similitudinem,

263 2784 277 2803 ·
391 2742 481 2829 qnod
502 2741 685 2810 oratorium
710 2742 823 2827 potius
849 2740 1011 2821 diximus,
1038 2763 1140 2828 quam
1165 2742 1348 2828 poeticum,
1375 2742 1561 2828 eomposita
1588 2750 1669 2809 sunt
1694 2765 1744 2828 ep.
1768 2743 1831 2809 100
1853 2741 1979 2827 (Παῖδες

386 2853 591 2941 Ἀθηναίων),
614 2853 676 2920 131
699 2851 759 2938 (Ἥ
780 2853 843 2941 μέγ’
861 2850 1083 2941 ’tepuerat
1106 2854 1170 2921 138
1192 2851 1362 2939 (Ελλάνονν
1386 2854 1548 2940 demde),
1575 2854 1635 2920 ubi
1655 2855 1691 2920 in
1714 2875 1845 2921 summa
1865 2853 1977 2921 brevi·

390 2973 460 3033 tate
482 2987 559 3034 eum
580 2985 695 3032 rerum
716 2964 908 3031 narratione
929 2963 1046 3031 laudes
1070 2966 1334 3051 conjunguntur,
1362 2964 1530 3033 efferendo
1557 2967 1719 3051 eujusque
1740 2965 1791 3032 rei
1817 2985 1978 3051 prospero

391 3083 526 3157 eventu,
548 3075 699 3146 velutin
722 3097 772 3161 ep.
796 3075 872 3143 100:
895 3074 1022 3162 ἤρκεσαν
1046 3076 1195 3163 ἀργαλέην
1216 3077 1336 3162 πατρίδι
1358 3077 1551 3163 δουλοσύνην.

493 3188 610 3254 Alium
636 3186 757 3255 deinde
779 3186 930 3255 ordinem
952 3187 1232 3272 epigrammatum
1258 3187 1468 3273 publicorum
1490 3187 1659 3254 oonstituo
1686 3207 1730 3254 ex
1751 3184 1814 3254 107
1837 3185 1980 3273 (Ἑλλάδι

391 3301 442 3368 καὶ
462 3298 680 3386 Μεγαρεῦσιν),
708 3297 771 3366 132
798 3296 927 3387 (Emer
946 3295 1123 3386 Βοιωτῶν),
1153 3297 1216 3364 140
1238 3295 1349 3382 (loeta
1370 3297 1441 3364 ποθ’
1462 3295 1638 3385 Ἕλληνας),
1662 3300 1724 3364 141
1747 3299 1848 3386 (Φημὶ
1870 3298 1979 3366 Γέλαν

387 3410 545 3499 Ἱέρωνα),
572 3431 656 3497 quae
677 3409 792 3478 omnia
813 3410 1080 3496 eompleetuntur
1106 3409 1184 3496 plus
1211 3409 1345 3494 singula
1369 3408 1525 3491 distioba;
1552 3408 1616 3478 hae
1641 3431 1710 3476 una
1734 3431 1772 3477 re
1803 3410 1981 3489 novissimi

391 3524 502 3609 hujus,
525 3543 625 3608 quem
646 3521 960 3602 demonstravimus,
982 3520 1109 3588 ordinis
1124 3541 1165 3589 ea
1185 3520 1363 3588 dissimilia
1376 3542 1460 3601 esse,
1483 3528 1632 3589 osterum
1653 3521 1724 3589 fere
1746 3519 1880 3600 similia,
1902 3542 1978 3606 pro·

392 3634 473 3703 bare
493 3634 611 3702 lieebit
632 3654 674 3700 ex
696 3655 747 3719 ep,
770 3630 841 3699 132.
884 3631 951 3700 Hio
972 3653 1103 3719 quoque
1124 3639 1259 3720 praeter
1280 3652 1353 3699 rem
1374 3632 1492 3718 ipsam,
1515 3654 1599 3717 quae
1621 3633 1794 3719 proposita
1815 3640 1888 3700 erat
1908 3649 1979 3698 me·

392 3745 519 3814 moriae
550 3743 727 3824 tradenda,
758 3744 897 3812 brevem
924 3744 1276 3812 commemorationem
1307 3752 1492 3830 proventus
1520 3743 1683 3812 habemus
1708 3744 1744 3811 in
1771 3766 1828 3813 vv.
1854 3743 1979 3832 ἔσβεσαν

393 3858 488 3946 ὕβριν,
511 3855 600 3944 quod
615 3854 879 3924 additamentum
893 3854 1058 3942 ejusmodi
1072 3862 1133 3935 est,
1155 3862 1195 3922 ut
1209 3875 1278 3922 non
1300 3877 1343 3923 ex
1366 3854 1437 3923 solo
1458 3876 1573 3922 rerum
1594 3863 1687 3923 statu
1709 3856 1837 3944 (qualia
1850 3854 1978 3923 addita·

390 3976 506 4038 monta
526 3970 563 4037 in
585 3966 815 4055 superioribus
837 3967 1095 4054 epigrammatis
1118 3975 1229 4049 erant,
1263 3965 1416 4034 velutin
1449 3987 1499 4052 ep.
1527 3967 1599 4047 138,
1633 3967 1697 4032 ἐπεὶ
1722 3967 1848 4054 στρατὸν
1876 3968 1979 4034 ὤλεσα

393 4080 541 4169 Μήδαν),
567 4079 751 4148 sedetiam
773 4101 815 4146 ex
836 4086 955 4165 poetae
977 4079 1088 4145 animo
1111 4079 1156 4146 sit
1177 4079 1321 4164 petitum
1343 4086 1481 4164 propter
1502 4078 1553 4145 rei
1574 4087 1734 4146 eventum
1755 4077 1797 4145 ad
1819 4076 1978 4165 gaudium

394 4213 574 4278 propens03
603 4191 710 4258 oratio
731 4198 845 4258 autem
864 4191 902 4257 in
923 4189 978 4257 his
1004 4189 1181 4277 poematiis
1203 4188 1359 4257 omnibus
1381 4197 1435 4257 est
1456 4188 1627 4275 aliquanto
1649 4189 1798 4258 ornatior
1820 4211 1921 4276 quam
1941 4189 1978 4256 in

393 4303 472 4384 illis,
494 4302 640 4371 maxime
661 4301 698 4370 in
720 4324 771 4388 op.
793 4298 866 4382 107,
887 4301 1000 4370 minas
1021 4302 1059 4368 in
1081 4323 1131 4388 ep.
1154 4303 1227 4368 141.

496 4414 551 4482 De
576 4412 631 4481 his
658 4433 742 4498 qnae
763 4412 926 4481 haetenus
948 4414 1169 4483 traotavimus
1192 4412 1443 4499 epigrammatis
1464 4418 1557 4480 reete
1579 4411 1644 4479 diei
1668 4414 1794 4499 poterit
1814 4412 1862 4492 id,
1889 4411 1979 4497 quod

298 4591 302 4598 .
395 4524 549 4594 omnibus
581 4523 818 4593 Sohneidewin
848 4524 1036 4594 vindicavit
1067 4526 1127 4611 (et
1160 4546 1262 4612 supra
1293 4547 1347 4611 pg.
1374 4523 1449 4608 34);
1484 4524 1544 4592 sed
1575 4525 1706 4611 reliqua
1737 4525 1979 4611 epigrammata

394 4637 537 4725 publiea,
560 4638 625 4704 etsi
639 4644 818 4706 versantur
839 4638 877 4704 in
891 4644 1090 4725 argumento
1107 4637 1288 4715 simillimo,
1312 4637 1473 4705 orationis
1495 4644 1609 4703 tamen
1630 4656 1754 4721 genere
1776 4634 1980 4721 aptioribus

394 4750 463 4817 illis
478 4750 602 4816 mirum
616 4755 779 4834 quantum
796 4748 931 4830 distant,
953 4771 1062 4835 neque
1078 4748 1266 4817 eensuerim
1281 4747 1367 4814 nihil
1387 4748 1424 4813 in
1440 4747 1489 4815 eis
1503 4767 1577 4815 esse
1591 4747 1692 4813 inane
1708 4753 1766 4814 aut
1779 4746 1978 4815 redundans

395 4860 509 4949 Atque
536 4867 617 4929 suut
642 4859 772 4950 reliqua
801 4860 897 4928 haee:
931 4882 982 4948 ep.
1009 4860 1052 4928 89
1078 4861 1224 4950 (dippum
1250 4859 1454 4947 ἐδρήθηριν),
1488 4857 1551 4924 103
1577 4857 1697 4943 (Τῶνδα
1722 4859 1760 4925 δι’
1784 4859 1976 4947 ἀνθρώπων),
