4542 5617
935 535 1259 607 ·-..31..-.

307 741 498 808 Simonides
521 743 555 806 iu
579 739 830 825 epigrammatis
854 759 993 822 usquam
1022 737 1165 821 spargit,
1193 759 1314 821 parcus
1341 739 1377 801 in
1404 738 1537 813 talibus,
1560 743 1599 802 ut
1620 737 1748 814 dicunt,
1777 758 1894 821 super·

306 854 435 931 latiris3
464 874 503 917 ea
531 861 642 938 certo„
663 853 699 915 in
725 850 845 934 quibus
869 850 1039 935 ἀγήραντοσ
1056 850 1174 933 obtorta
1199 857 1234 914 et
1256 849 1400 936 ἄσβεστον
1423 849 1509 921 κλέος
1532 857 1726 932 comparent
1754 849 1827 930 (No.
1850 850 1893 912 95

306 974 340 1030 ot
361 964 417 1046 96)
442 969 597 1047 suspecta
620 969 700 1030 sunt
722 965 767 1042 (r.
790 961 879 1025 iufra
901 981 955 1045 pg.
978 961 1046 1047 31).

409 1071 477 1139 Sed
499 1073 643 1138 alterum
666 1071 866 1155 esttaliquid
888 1071 924 1136 in
947 1093 997 1156 ep.
1021 1070 1258 1146 laedebam,
1287 1071 1374 1153 quod
1401 1055 1442 1136 ab
1471 1070 1625 1137 omnibus
1653 1071 1893 1155 interpretibus

306 1207 387 1251 num
403 1193 493 1251 recte
509 1184 643 1250 silentio
660 1185 705 1249 sit
726 1184 1011 1268 praetermissum,
1029 1184 1101 1266 jam
1117 1182 1300 1248 uidendum
1323 1183 1396 1247 erit.
1433 1182 1639 1267 Megaristus
1661 1184 1766 1267 igitur
1786 1190 1893 1266 pater,

303 1306 342 1362 ut
358 1295 416 1362 est'
432 1297 466 1361 in
490 1295 635 1362 secundo
659 1294 810 1372 disticho,
833 1293 950 1360 liberis
973 1294 1043 1359 suis
1065 1294 1254 1359 immortale
1277 1293 1447 1382 exstruxit
1468 1301 1731 1359 monumentum.
1761 1295 1810 1358 Ar
1830 1294 1895 1361 ima

304 1408 502 1473 mortalitati
524 1407 647 1472 liberos
671 1404 977 1482 commendaturus,
1007 1426 1111 1470 unum
1134 1407 1286 1470 nominat
1308 1404 1570 1490 Pythonactem,
1598 1405 1741 1470 alterum
1765 1406 1892 1488 signifi-

289 1505 387 1586 ¹cans
410 1523 542 1584 tantum
558 1537 641 1584 voce
667 1516 816 1594 „fratris”
840 1517 935 1600 quasi
957 1514 1089 1581 fraudat
1110 1515 1370 1591 immortalitate,
1394 1515 1429 1580 iu
1453 1538 1553 1599 quam
1576 1516 1658 1600 ipse,
1682 1538 1742 1581 suo
1757 1497 1894 1581 nomine

305 1629 430 1707 addito,
455 1631 576 1715 irrepit
598 1630 812 1716 (Marcipores,
844 1649 887 1694 ex
908 1631 1051 1712 conject:
1076 1627 1202 1705 Grotii;
1230 1628 1266 1691 in
1289 1628 1392 1693 anth.
1418 1628 1481 1711 μέγ’
1505 1628 1637 1712 ἄριστος,
1664 1626 1805 1692 Planud.
1830 1627 1892 1710 μέγ’

305 1741 449 1827 ἄριστον).
495 1740 595 1824 Quod
628 1739 789 1825 quomodo
824 1741 898 1824 quis
926 1738 1103 1806 defendere
1130 1738 1228 1816 velit,
1255 1739 1377 1803 nescio.
1422 1737 1513 1805 Sane
1541 1738 1596 1804 rel
1623 1739 1734 1804 omitti
1761 1739 1796 1803 in
1825 1740 1892 1822 epi-

307 1860 490 1938 grammate
512 1858 625 1936 potcst
645 1873 768 1917 nomen
792 1852 879 1936 ejus,
903 1853 997 1936 eujus
1020 1851 1128 1936 gratia
1150 1851 1196 1916 sit
1217 1850 1393 1933 scriptum,
1416 1857 1455 1914 ut
1475 1849 1512 1913 in
1535 1849 1632 1934 Oorp.
1654 1851 1752 1914 inser.
1775 1848 1807 1925 I,
1830 1847 1892 1913 747

307 1962 444 2048 (Jacobs
466 1961 578 2044 Paral.
601 1962 703 2028 Antla
725 1963 771 2039 11,
795 1963 865 2045 15):
1855 1971 1857 1978 ’

663 2070 778 2138 Εἰκόνα
800 2073 880 2157 τήνδ’
904 2071 1032 2159 ἀνέθηκε
1054 2072 1262 2158 Πολύστρατος
1285 2073 1377 2138 αὑτοῦ
1400 2074 1533 2161 ἀδελφοῦ

717 2184 907 2269 μνημοσύνην
930 2184 1041 2268 θνητοῦ
1064 2186 1205 2268 σώματος
1228 2183 1389 2259 ἀθάνατον,

305 2293 364 2360 ubi
383 2296 465 2378 ejus,
487 2294 546 2378 qui
565 2301 822 2359 monumentum
837 2291 992 2368 condidit,
1014 2314 1138 2358 nomen
1152 2292 1306 2359 videmus
1322 2294 1492 2377 scriptum,
1515 2297 1639 2361 mortui
1661 2298 1775 2363 fratris
1790 2297 1891 2363 omis·

307 2426 396 2483 sum;
424 2412 460 2470 at
482 2403 613 2470 additus
636 2414 690 2471 est
710 2405 849 2488 imagini
871 2405 926 2470 hic
948 2403 1081 2469 titulus:
1108 2403 1265 2474 Πολύλλος
1287 2403 1474 2469 Πολολλίόοο
1498 2404 1668 2485 nazaruda
1696 2408 1732 2472 in
1755 2429 1805 2494 ep.
1829 2407 1891 2472 123

306 2525 445 2600 apparet
459 2528 621 2603 atramque
634 2521 693 2581 aut
708 2516 819 2582 omitti
841 2523 899 2580 aut
919 2516 1000 2599 poni
1024 2515 1220 2597 oportuisse.
1250 2514 1368 2598 Neque
1389 2515 1425 2579 in
1448 2535 1487 2580 ea
1501 2537 1538 2580 re
1553 2516 1727 2583 Planudoa
1748 2517 1890 2584 lectione

306 2626 522 2693 sublevamur
543 2629 733 2714 κασιγνήτηνς
762 2617 841 2692 nam
864 2626 894 2691 si
921 2626 996 2710 quis
1024 2626 1110 2691 forte
1134 2627 1317 2710 putaverit,
1344 2635 1482 2711 propter
1503 2629 1668 2693 minorem
1690 2629 1891 2694 feminarum

307 2734 513 2803 Graecarum
534 2751 711 2821 personam
728 2737 851 2802 sororis
874 2757 996 2801 nomen
1020 2736 1130 2802 omitti
1153 2737 1312 2819 potuisse,
1334 2735 1368 2801 id
1390 2757 1457 2801 non
1482 2737 1679 2803 crediderim
1702 2740 1768 2804 nisi
1790 2739 1891 2804 allato

306 2847 460 2938 exemplo
492 2847 592 2933 plane
626 2848 743 2920 simili,
777 2847 976 2930 praesertim
1010 2867 1087 2911 cum
1112 2846 1330 2911 inveniantur
1358 2847 1611 2930 epigrammata,
1645 2848 1680 2912 in
1708 2847 1828 2932 quibus
1857 2863 1892 2914 et

306 2959 419 3025 fratris
446 2968 481 3025 et
512 2960 636 3026 sororis
662 2959 800 3025 nomina
832 2941 957 3042 scripta
984 2959 1061 3023 sint.
1108 2956 1211 3021 Latet
1237 2958 1380 3022 fortasse
1407 2957 1443 3022 in
1469 2957 1528 3024 illo
1556 2960 1730 3044 κασίγνητον
1758 2959 1814 3025 vol
1840 2981 1891 3023 aa·

306 3069 408 3156 σίγημι
430 3071 483 3154 (ut
504 3078 557 3136 est
577 3071 612 3135 in
635 3089 738 3154 marg.
762 3068 847 3154 cod.)
869 3067 1004 3152 aliquod
1024 3067 1197 3152 proprium
1219 3087 1356 3145 nomam
1384 3068 1442 3132 sed
1464 3069 1611 3133 alienum
1634 3077 1725 3135 certe
1748 3068 1889 3145 videtur,

305 3201 382 3246 eum
403 3202 472 3246 non
493 3199 562 3245 una
583 3187 679 3265 parte
702 3180 908 3264 epigramma
928 3178 1067 3256 laboret,
1090 3180 1162 3262 ejus
1185 3180 1378 3245 testimonio
1400 3180 1459 3255 uti,
1483 3201 1547 3263 quo
1564 3177 1792 3246 Simonideam
1812 3202 1890 3246 con·

305 3290 517 3356 suetudinem
539 3293 728 3376 probemus.

941 3511 1248 3525 nuo-*ffl—

404 3729 660 3817 Epigrammata
690 3734 751 3799 No.
776 3733 819 3798 95
851 3730 903 3817 (Εἰ
928 3734 962 3798 τὸ
989 3736 1088 3802 καλῶς
1119 3733 1285 3816 θνήσκειν),
1319 3731 1380 3797 Νο.
1406 3732 1449 3796 96
1476 3731 1656 3819 (Ἀσβεστον
1687 3735 1774 3802 κλέος
1799 3733 1890 3818 οἵδε),

304 3843 364 3910 Νο.
385 3843 427 3909 97
450 3842 599 3925 (Elaites
622 3844 673 3908 οἷον
694 3846 852 3931 κέκευθε),
879 3865 963 3927 quae
989 3845 1025 3909 in
1048 3843 1119 3910 sola
1141 3842 1348 3925 Anthologia
1369 3849 1578 3925 comparant,
1605 3850 1683 3910 ante
1707 3841 1889 3908 Schneide-

306 3955 385 4020 wini
412 3954 606 4031 editionem,
640 3956 697 4038 qui
723 3953 864 4039 pg.152
891 3976 910 4017 a
933 3952 1105 4019 Simonide
1132 3975 1173 4018 ea
1200 3953 1326 4037 scripta
1351 3961 1465 4036 negat,
1499 3975 1598 4021 nemo
1628 3962 1887 4039 suspectaverat,

305 4065 565 4131 novissimorum
591 4065 757 4130 editorum
783 4064 931 4138 defendit
956 4064 1084 4146 nullus3
1114 4063 1264 4147 Bergkio
1291 4066 1328 4129 in
1355 4063 1403 4130 ed.
1425 4064 1481 4130 III
1509 4086 1529 4130 a
1551 4063 1724 4131 Simonide
1753 4066 1888 4130 orunino

304 4173 522 4259 abjudicanda
544 4175 710 4242 videntur.
754 4176 860 4242 Nobis
882 4198 1081 4261 quamquam
1104 4176 1243 4241 minimo
1266 4177 1375 4242 estin
1397 4177 1508 4242 animo
1529 4198 1642 4242 eorum
1665 4175 1889 4261 patrocinium

304 4287 483 4372 suscipere,
505 4295 619 4352 tamen
641 4295 696 4352 est
716 4286 957 4365 confitendum,
978 4287 1114 4353 infirma
1136 4309 1210 4353 esso
1233 4297 1444 4370 argumenta,
1467 4308 1552 4370 quae
1572 4287 1727 4352 nituntur
1748 4308 1889 4353 numero

303 4406 594 4464 monumentorum
618 4397 969 4483 Thermopylansium,
998 4420 1018 4463 a
1045 4396 1211 4464 Strabone
1240 4397 1370 4462 tradito.
1414 4396 1582 4481 Bergkius
1609 4398 1646 4461 in
1674 4419 1713 4464 co
1740 4398 1890 4477 offendit,

303 4507 393 4591 quod
416 4509 451 4573 in
476 4508 737 4594 appeteres
765 4508 896 4575 nullum
919 4511 964 4575 sit
989 4509 1164 4588 indicium,
1192 4531 1352 4593 quorsum
1378 4517 1545 4594 spectent;
1573 4509 1750 4577 dicendum
1777 4511 1891 4589 fuisse,

301 4619 337 4684 in
359 4620 453 4703 cujus
481 4620 643 4686 bonorem
670 4620 740 4685 sint
768 4619 911 4686 condita
954 4621 1080 4690 Parum
1104 4631 1272 4687 certares
1295 4629 1355 4686 est
1394 4621 1455 4686 No.
1476 4622 1517 4686 97
1540 4630 1653 4687 autem
1672 4620 1761 4688 idem
1790 4624 1890 4689 etiam

303 4729 523 4796 confidentius
539 4729 704 4798 Simonidi
721 4730 895 4814 abjudicat.
924 4730 1010 4796 Nam
1033 4732 1090 4815 qui
1106 4733 1288 4814 scripserit,
1310 4731 1450 4796 finxisse
1473 4732 1643 4798 Leonidae
1666 4734 1796 4799 tumulo
1819 4733 1890 4816 epi·

302 4859 453 4923 gramma
475 4841 624 4908 additum
647 4863 722 4908 essa
745 4844 790 4925 (r.
813 4841 843 4918 2,
867 4842 932 4927 τῇδ’
955 4839 1093 4926 {bureau
1123 4842 1181 4909 sed
1203 4841 1280 4907 inde
1298 4844 1371 4926 jam
1393 4842 1609 4909 manifestum
1632 4843 1888 4909 demonstrativi

302 4955 434 5036 generis
457 4956 662 5039 poematium
685 4974 773 5032 esse,
797 4953 884 5038 quod
906 4975 966 5038 per
989 4976 1137 5020 errorem
1160 4950 1326 5018 Simonidi
1348 4954 1393 5018 sit
1415 4953 1593 5033 tributum;
1622 4976 1700 5020 nam
1713 4954 1758 5018 ‘in
1782 4953 1887 5038 Spar·
